3936 5446
212 477 276 529 ao.
291 459 381 544 493]
600 475 723 525 amsa
744 475 854 553 ergsr.
877 477 1024 526 ramur.
1395 464 1416 527 5

213 632 419 715 concupisces
428 629 497 696 rc'an
512 632 652 716 proximi
666 632 733 697 tui'
744 632 840 696 “ιιοιιι
852 633 1007 700 oecides.'‘
1036 633 1222 699 Homicida²
1235 654 1302 698 non
1312 637 1420 717 potest

214 752 282 796 esse
301 751 376 796 cum
396 729 533 794 Christo.
563 730 628 806 Qui
643 731 727 795 odit⁸
739 730 871 795 fratrem
885 752 981 796 suum
997 784 1004 798 .
1019 731 1203 796 homicida.
1218 730 1421 797 adscribitur.

214 829 265 893 vel
282 828 340 912 qui
363 848 429 892 non
452 827 561 912 diligit
581 827 712 892 fratrem
738 850 833 892 sarram
857 828 892 892 in
915 837 1017 893 morte
1032 836 1143 894 manet
1157 879 1164 892 .
1180 835 1304 913 quanto
1319 828 1422 913 magis

215 948 287 991 reus
302 925 423 1010 estqui
440 947 555 990 manus
571 948 645 990 snas
660 926 883 1010 coinquinavit
900 927 934 990 in
949 928 1104 1011 sarrgnine
1116 927 1255 991 liliorum
1268 927 1332 991 Dei
1341 947 1423 1010 quos

217 1045 321 1108 nuper
341 1024 521 1107 adquisivit
547 1025 581 1087 in
608 1024 735 1088 ultimis
757 1031 849 1088 terne
879 1046 936 1108 per
961 1026 1223 1110 ex[0r]tationem
1252 1023 1425 1108 parvitatis

218 1129 342 1186 nostra.
408 1121 580 1205 Numquid
605 1122 677 1186 sinc
702 1123 775 1186 Deo
802 1121 854 1185 vel
878 1123 1055 1187 secundum
1085 1143 1214 1187 carnem
1244 1122 1423 1186 Hiberiona

218 1221 316 1285 venit
361 1219 442 1295 Quis
457 1240 510 1284 me
524 1221 682 1303 compulit
704 1221 857 1303 alligatus
879 1221 994 1304 spiritu
1009 1270 1016 1285 .
1031 1228 1071 1284 nt
1084 1220 1212 1285 videam
1226 1220 1369 1305 aliquem
1383 1219 1425 1285 de

218 1318 408 1401 cognatione
432 1321 528 1381 mea?
572 1317 744 1402 Numquid
767 1338 787 1382 a
808 1339 860 1382 me
883 1319 968 1401 piam
991 1318 1241 1384 misericordiam
1262 1317 1351 1402 quod
1365 1337 1425 1401 ago

219 1438 294 1501 erga
316 1423 447 1500 gentem
478 1415 569 1479 illam
591 1416 649 1500 qui
670 1437 723 1481 me
746 1416 920 1499 aliquando
942 1424 1097 1503 oeperunt
1118 1422 1153 1481 et
1174 1415 1427 1481 devastaverunt

221 1535 329 1579 servos
355 1520 389 1577 et
414 1514 550 1578 ancillas
574 1513 690 1577 domus
711 1515 813 1598 patris
835 1514 926 1578 mei?
969 1515 1136 1599 Ingenuus
1169 1514 1219 1577 lui
1247 1513 1426 1579 seeundum

222 1633 350 1677 carnem
366 1612 535 1676 decorione
550 1618 642 1696 patre
664 1623 802 1675 nascor.¹
819 1612 952 1676 vendidi
969 1614 1057 1677 enirn
1077 1613 1280 1677 nobilitatem
1295 1632 1401 1676 meam
1414 1659 1423 1676 .

222 1733 286 1775 non
310 1711 464 1776 crubesce
487 1730 594 1793 neque
616 1730 668 1774 me
687 1710 813 1793 penitet
827 1730 886 1793 pro
911 1711 1053 1775 utilitate
1076 1711 1221 1775 aliorum
1276 1710 1427 1793 Denique

222 1829 333 1874 servus
348 1829 421 1872 sum
436 1809 472 1870 in
488 1808 618 1872 Christo
631 1808 723 1890 genti
735 1807 853 1871 extero
869 1808 910 1871 ob
924 1807 1058 1890 gloriam
1069 1808 1265 1873 ineffabilem
1277 1807 1428 1891 perennis

224 1908 298 1971 vitre
314 1957 321 1971 .
336 1927 409 1990 quae
432 1916 482 1970 est
498 1906 534 1969 in
551 1905 681 1970 Christo
696 1905 801 1970 Jhesu
816 1906 947 1970 domino
958 1914 1075 1970 nostro.
1119 1906 1207 1970 Etsi
1221 1905 1286 1969 mei
1300 1925 1430 1970 menon

224 2011 420 2089 cognoscunt
443 2004 636 2089 *propheta*
665 2004 702 2067 in
732 2005 836 2087 patria
861 2025 921 2068 sna
949 2004 1103 2069 honorem
1125 2025 1190 2069 non
1212 2003 1329 2067 habet”
1350 2002 1432 2068 roas

225 2124 288 2167 uon
304 2124 417 2168 sumus
432 2123 473 2167 ex
488 2123 555 2165 uno
568 2103 664 2166 ovili.
682 2124 787 2187 nevpne
798 2123 900 2165 unum
910 2103 1017 2166 Deum
1029 2110 1154 2185 patrem
1163 2100 1433 2165 habemus.sicut
1451 2153 1453 2156 ι

225 2201 272 2266 ait
286 2200 383 2284 “qui⁵
398 2222 463 2264 non
479 2208 530 2265 est
551 2221 681 2264 meeum
696 2200 847 2284 spargit”
891 2200 966 2264 Non
989 2200 1163 2264 convenit.
1179 2219 1265 2264 nnus
1287 2198 1433 2262 destruit

225 2299 307 2364 alter
331 2299 477 2363 acdificat
533 2299 609 2363 Non
624 2320 736 2383 quaem
751 2319 824 2383 quae
846 2319 919 2362 mea
937 2306 1036 2363 sunt.
1053 2297 1118 2384 non
1139 2318 1213 2362 mea
1233 2297 1337 2382 gratia
1353 2344 1363 2363 .
1378 2295 1435 2360 sed

226 2401 316 2463 Deus
328 2398 461 2482 quidem
476 2398 562 2462 hanc
580 2397 834 2461 sollicitudinem
855 2396 889 2460 in
906 2397 998 2462 corde
1013 2417 1107 2462 meo.
1124 2404 1162 2460 ut
1176 2416 1262 2460 unus
1276 2415 1380 2460 essem
1395 2393 1436 2458 de

226 2497 433 2560 venatoribus
448 2497 517 2560 sire
532 2496 746 2578 piscatoribus
762 2515 843 2579 quos
857 2495 935 2559 olim
951 2496 1041 2560 Deus
1055 2496 1090 2559 in
1113 2493 1297 2558 novissimis
1320 2492 1435 2557 diebus

227 2603 302 2659 ante
328 2595 570 2677 prannntiavit
601 2593 776 2658 Invidetur
799 2593 881 2656 mihi
900 2593 980 2677 quid
1009 2592 1125 2657 faciam
1146 2591 1309 2657 ,dominat
1339 2589 1434 2655 valde

227 2692 391 2775 despicior.
408 2693 492 2755 Eece
508 2712 584 2756 oves
600 2699 665 2755 ture
680 2692 765 2756 circa
781 2712 833 2755 me
849 2690 1014 2754 laniantur
1025 2698 1123 2774 atquae
1138 2689 1366 2774 depredantur
1379 2737 1387 2752 .
1399 2694 1433 2751 et

229 2791 421 2874 supradictis
433 2789 629 2854 latrunculis
641 2791 779 2871 juhcntc
795 2790 944 2855 Corotico
957 2789 1073 2854 hostile
1088 2798 1218 2853 ‚menta
1234 2787 1330 2871 louge
1351 2793 1402 2851 est
1416 2805 1438 2849 a

229 2890 361 2953 caritate
388 2889 452 2952 Dei
477 2888 616 2951 traditor
642 2889 904 2953 Christianomm
930 2888 964 2950 in
990 2908 1106 2951 manus
1133 2887 1316 2952 Seottomm
1338 2892 1437 2969 atque

231 2989 396 3053 Pictorum
411 2996 427 3021 ‘⁴
438 2988 522 3072 lupi⁸
538 3008 669 3072 rapaces
685 2988 908 3072 deglutierunt
928 3009 1055 3072 gregem
1077 2986 1230 3053 domiui'.
1245 2988 1303 3072 quvi
1325 2986 1439 3070 ntique

231 3086 408 3152 lliherione
427 3108 617 3151 consumma
631 3086 803 3172 diligentia
817 3088 939 3170 optime
955 3087 1117 3152 erescebat
1130 3095 1165 3151 et
1179 3087 1239 3150 filii
1254 3087 1437 3151 Seottomm

231 3192 264 3246 et
280 3185 355 3250 saliae
370 3184 573 3269 regulorum.
590 3187 740 3250 monaehi
757 3194 791 3250 et
806 3187 947 3269 virgines
962 3185 1084 3251 Christi
1102 3205 1291 3250 enumcrare
1305 3204 1438 3268 nequeo

231 3291 247 3315 “
259 3283 488 3360 Quamobremi
504 3286 623 3367 injuria
638 3286 776 3348 istorum
795 3305 860 3347 nou
883 3290 916 3348 te
938 3283 1064 3369 placeat
1078 3335 1086 3350 .
1101 3285 1201 3349 etiam
1215 3282 1374 3368 usquead
1388 3283 1440 3346 im

233 3380 314 3444 leros
326 3402 391 3445 non
407 3383 578 3465 placebit.''
602 3382 684 3460 Quis
699 3389 884 3446 serratorum
895 3402 959 3445 non
970 3381 1098 3446 horreat
1109 3381 1286 3464 jocundare
1296 3379 1350 3446 vel
1364 3401 1440 3445 con·

234 3478 357 3542 vitium
382 3480 487 3544 fruere
510 3531 517 3543 .
533 3501 609 3544 cum
624 3480 746 3543 talibus
761 3480 802 3545 de
817 3479 928 3563 spoliis
943 3479 1168 3544 ‹lelunctorum
1183 3478 1442 3545 Christianorum

234 3575 440 3659 repleverunt
470 3576 584 3641 domus
614 3580 714 3641 suas?
759 3577 810 3641 De
840 3577 962 3660 rapinis
992 3577 1110 3641 vivunt
1132 3627 1140 3641 .
1163 3578 1313 3641 nesciunt
1335 3574 1444 3639 miseri

234 3693 395 3738 vencnum
411 3727 418 3739 .
433 3674 534 3738 letale
550 3676 658 3738 cibum
676 3675 848 3760 porrigunt
870 3675 911 3738 ad
935 3676 1053 3739 amicos
1078 3683 1113 3739 et
1127 3675 1211 3738 filios
1232 3695 1308 3739 suos
1330 3725 1339 3738 .
1361 3673 1446 3737 siem

236 3771 304 3835 Eva
318 3792 383 3835 non
395 3773 560 3836 intellexit
575 3772 662 3856 quod
679 3782 817 3836 mortem
832 3792 1007 3855 perennem
1021 3793 1151 3858 poenam
1166 3779 1346 3856 operantur.

278 3869 487 3933 Consuetudo
503 3871 724 3933 llonmnomm
740 3870 910 3934 Gallorum
926 3870 1187 3936 Christianorum
1203 3871 1342 3934 mittunt
1356 3867 1442 3931 viros

236 3975 363 4030 sanctos
379 3968 511 4031 idoncos
534 3968 576 4031 ad
599 3969 742 4033 Francos
757 3977 792 4033 et
803 3978 926 4033 ceteras
940 3977 1052 4053 gentes
1067 4019 1074 4032 .
1091 3989 1165 4034 eum
1186 3977 1235 4033 tot
1255 3968 1346 4031 milia
1368 3965 1443 4030 soli·

236 4062 349 4128 domm
376 4066 417 4129 ad
440 4067 644 4132 redimendos
674 4067 822 4151 captives
848 4067 1013 4151 laptizat.
1035 4075 1073 4131 tu
1102 4069 1205 4132 totius
1228 4064 1384 4130 interficis
1408 4069 1442 4128 et
1495 4123 1499 4129 .

237 4163 350 4227 verrdis
366 4163 439 4229 illos
459 4167 550 4248 genti
570 4172 690 4230 exterae
703 4166 872 4249 ignoranti
882 4166 990 4230 Deum
1006 4166 1120 4249 ,quasi
1135 4165 1171 4228 in
1189 4164 1327 4248 lupanar
1340 4161 1443 4226 tradis

239 4261 382 4324 membra
404 4264 535 4327 Christi
582 4263 721 4339 Qualem
736 4283 828 4346 spem
850 4263 952 4326 habes
974 4265 1008 4327 in
1030 4263 1137 4327 Deum
1159 4260 1213 4326 vel
1233 4261 1291 4344 qui
1313 4269 1346 4323 te
1368 4279 1443 4322 oon·

239 4360 338 4421 scutit
352 4366 411 4422 aut
432 4361 490 4443 qui
513 4368 547 4426 te
567 4362 789 4426 communicat
809 4361 916 4424 verbis
934 4360 1128 4424 adulationis
1149 4359 1241 4422 Deus
1259 4356 1443 4439 judicabit?

238 4454 403 4540 Scriptum
426 4469 476 4522 est
498 4461 589 4524 enim
610 4510 618 4524 .
641 4459 755 4524 “Nom
769 4459 874 4523 solum
892 4459 1044 4523 facientes
1059 4456 1145 4520 mala
1160 4507 1167 4521 .
1183 4455 1353 4520 sedetiam
1367 4473 1442 4516 oon-

288 4583 509 4649 ιειαιιωι
615 4588 889 4652 ⁸sersenatis.
986 4586 1255 4648 ’sartonam
1353 4581 1444 4632 «ιιι.

240 4659 685 4803 immansurum.
827 4666 1079 4727 meamea.
1220 4658 1483 4735 ²⁸³¹¹⁸³¹=¹⁷v
