3936 5446
523 455 692 539 a.u.693.]
891 473 1035 523 rsrrrrs
1049 472 1091 522 or
1106 472 1188 523 rom
1202 475 1378 529 smorusr
1669 468 1734 533 119

523 625 666 688 filiorum
679 624 862 708 adoptionis
876 628 1005 694 sotiaro¹
1024 630 1157 713 dignata
1171 638 1240 696 est.
1256 632 1418 715 Optamus
1428 641 1540 700 autem
1555 624 1623 719 quo
1636 636 1734 705 mise·

491 782 493 787 .
521 723 661 787 ricordia
691 724 786 787 solita
817 724 966 791 dominus
988 732 1098 791 noster
1115 728 1238 793 Jlresus
1258 730 1410 795 Christus
1424 731 1535 797 iatiat²
1547 753 1607 798 ros
1620 732 1736 799 ineffa-

522 820 635 885 biliter
649 822 822 886 ministerii
833 843 871 887 ac
879 826 959 909 regii
973 826 1126 890 culminis
1139 826 1261 893 bonore
1278 828 1474 907 sullimari⁸,
1485 839 1520 897 et
1529 832 1734 899 inexumitre

523 918 629 981 futuri
640 918 769 1001 juditii*
782 923 939 985 reservari
954 974 961 987 .

523 1087 571 1135 [kl
583 1087 645 1191 bigiti:
654 1088 743 1140 Helm..
753 1090 820 1131 cata
827 1090 923 1144 Pontis..
930 1093 966 1135 ed.
975 1094 1105 1145 rimator.
1188 1096 1235 1145 [a]
1243 1096 1306 1139 und
1314 1097 1364 1139 ml
1372 1096 1418 1149 St,
1426 1097 1462 1149 tlt.
1469 1098 1517 1141 U.

573 1159 599 1200 p.

938 1406 1317 1419 *—

526 1608 577 1692 8'4„
623 1631 727 1694 letter
746 1633 786 1714 of
803 1633 883 1716 Popc
898 1634 1026 1717 &ipius
1040 1637 1066 1698 I
1076 1643 1106 1698 to
1127 1637 1175 1698 att
1194 1636 1245 1700 tlte
1258 1635 1393 1719 Bisleepe
1410 1638 1451 1719 os
1471 1635 1607 1699 Britain
1628 1630 1670 1700 ou
1687 1636 1738 1699 tte

934 1754 1019 1795 satiro
1033 1734 1142 1817 subject
1158 1754 1194 1797 (ts
1206 1734 1267 1797 tto.
1283 1734 1335 1797 8&
1444 1742 1448 1751 '

569 1879 803 1946 Dilectissimis
826 1883 980 1948 iratribus
1002 1885 1164 1949 universis
1179 1899 1347 1949 misceris
1360 1904 1420 1967 per
1434 1882 1642 1947 Britanniam
1662 1902 1738 1947 oon·

527 1975 653 2041 stitutis
665 1979 821 2045 Simorum

568 2079 662 2141 Sicut
684 2080 778 2143 nobis
800 2082 918 2163 quibus
940 2102 1050 2147 curam
1070 2082 1178 2147 offitii⁵
1191 2081 1364 2167 pestomlis
1386 2081 1476 2146 beati
1499 2081 1591 2145 Petri
1610 2087 1740 2166 aposto·

525 2177 633 2242 lorum
655 2182 814 2263 principis
835 2204 982 2266 supernae
1005 2184 1150 2267 dignatio
1171 2183 1389 2248 miserationis
1409 2182 1642 2267 ,regimenque
1663 2201 1740 2246 eorr-

527 2278 626 2341 cessit
654 2327 663 2354 ‚
689 2279 799 2343 fratris
829 2280 986 2365 incogniti
1017 2282 1227 2347 reverendam
1257 2278 1391 2345 ulteris
1429 2276 1635 2363 pne-§entiam
1657 2328 1669 2357 ,
1692 2278 1740 2343 ita

529 2492 610 2535 num
647 2476 758 2538 attulit
789 2478 924 2561 tripudii
955 2499 1075 2541 munus
1099 2528 1106 2542 .
1128 2478 1214 2541 Nam
1247 2476 1396 2539 omnium
1425 2474 1552 2538 auctori
1580 2474 1741 2537 bonorum

528 2572 661 2639 domino
682 2577 755 2640 Deo
780 2587 890 2641 nostro
912 2580 1086 2644 immensas
1102 2579 1283 2662 peregimus
1296 2577 1418 2660 gmtius
1432 2627 1441 2651 ,
1456 2585 1584 2659 reperta
1597 2576 1740 2639 fratrum
1815 2592 1821 2601 ·

528 2669 676 2736 fidelium
699 2674 734 2737 in
757 2676 832 2738 sinu
855 2686 975 2740 sanctie
994 2678 1106 2741 matris
1126 2676 1269 2741 ecclesiae
1289 2674 1516 2738 unanimitatis
1530 2672 1648 2737 devota
1664 2672 1741 2737 corr}
1788 2728 1792 2733 .

528 2774 653 2837 stantia
677 2783 710 2839 ct
737 2797 845 2842 aurore
870 2780 1015 2843 fervente
1041 2780 1127 2843 inter
1150 2799 1185 2843 se
1210 2776 1460 2857 dilectionisque
1486 2774 1669 2838 consortio.
1686 2772 1741 2839 ste

529 2873 619 2935 enim
639 2876 745 2958 sagaci
768 2876 910 2941 sollertia
932 2879 1041 2941 Deum
1064 2877 1262 2960 complacare
1284 2880 1494 2937 noscuntur.
1518 2872 1689 2937 offerentes
1710 2872 1742 2935 ei

530 2986 612 3049 pura
634 2970 791 3035 libamina
807 3024 815 3047 ,
829 2995 904 3037 cum
925 2974 960 3037 in
982 2995 1036 3037 ara
1057 2975 1196 3058 pectoris
1216 2972 1420 3056 splendorem
1442 2968 1514 3033 reri
1533 2967 1670 3033 lrmrinis
1691 2988 1742 3033 re·

530 3064 679 3132 forentes
695 3071 815 3145 ,nullis
830 3072 989 3135 illecebris
1004 3080 1147 3135 mentem
1162 3070 1305 3135 illudant
1316 3068 1434 3145 ‚nullis
1446 3067 1585 3130 fratrum
1599 3064 1743 3131 stimulis

530 3169 628 3231 corda
650 3172 847 3252 percellant,
862 3173 962 3236 nullis
986 3174 1150 3256 proximos
1172 3172 1365 3236 nocentibus
1389 3168 1555 3232 mentibus
1576 3172 1744 3245 anurraut3

530 3266 587 3329 sed
604 3276 642 3330 ut
655 3268 716 3332 Dei
732 3271 872 3334 ministri
889 3273 1057 3355 speculum
1074 3295 1108 3337 se
1123 3271 1277 3353 subjectis
1287 3269 1365 3332 vitre
1375 3284 1568 3349 morumque
1582 3264 1743 3348 probitate

531 3363 733 3431 exhibeant.
756 3368 845 3432 Hinc
867 3371 928 3434 sibi
948 3372 1056 3434 Deum
1079 3374 1321 3454 prosperantem
1343 3364 1514 3428 inveniant
1530 3363 1566 3426 in
1579 3361 1746 3440 adt-ersis,

532 3483 593 3527 nec
622 3466 812 3548 quicquam⁰
836 3474 989 3551 poterunt
1015 3468 1118 3532 bostis
1144 3468 1271 3531 insidiae
1296 3465 1344 3529 eis
1369 3459 1516 3525 nocendo
1544 3458 1706 3543 surripere
1733 3507 1742 3523 .

532 3560 665 3624 Etenim
677 3564 735 3626 ubi
750 3574 868 3646 praeto
877 3575 927 3630 est
938 3568 1063 3631 domiui
1073 3565 1271 3650 adjutorium
1282 3570 1417 3638 ,cuncta
1427 3556 1742 3657 fugaturspirltuum

532 3659 750 3743 malignorum
765 3663 942 3728 adversitas
958 3714 967 3730 .

575 3755 660 3821 Cum
681 3758 727 3821 ita
754 3760 820 3835 sit,
843 3764 986 3843 paternis
1015 3762 1168 3826 affatibus
1203 3755 1408 3826 colletantcs⁷
1441 3762 1558 3817 vestm)
1592 3753 1747 3815 fratem&

532 3854 719 3919 dilectionis
742 3861 888 3923 unanimi
907 3861 1110 3945 religiositati
1134 3913 1142 3937 ,
1161 3860 1367 3925 insinuamus
1380 3852 1475 3917 robis
1496 3849 1586 3935 quod
1607 3866 1748 3962 prr-esetss

531 3956 764 4023 dilectissimus
809 3960 907 4024 irater
944 3964 1203 4025 llrurrru'atut‘s
1240 4011 1248 4036 ‚
1283 3954 1536 4023 cantuariorum
1572 3966 1748 4034 promnctoe

531 4055 650 4135 praesul
672 4057 754 4139 ‚qui
781 4056 815 4119 in
840 4058 948 4122 sedern
973 4060 1156 4122 reverendae
1182 4058 1347 4121 memorie
1383 4048 1544 4117 Theodori
1579 4044 1747 4157 quondum

531 4154 763 4236 archiepiscopi
787 4154 976 4237 subrogatus
999 4165 1048 4219 est
1070 4206 1078 4232 ,
1090 4158 1187 4237 juxta
1213 4156 1313 4217 ritum
1340 4152 1454 4236 priscae
1476 4144 1748 4219 consuetudinis,

532 4270 605 4332 que
621 4272 641 4311 a
652 4257 796 4334 ternpore
811 4262 929 4315 sancte
945 4274 981 4315 ae
996 4253 1187 4317 veneranda·
1203 4253 1365 4317 memoriae
1380 4244 1508 4312 domnis
1522 4253 1556 4309 et
1570 4242 1746 4351 prudeoet·

532 4347 615 4409 soris
644 4350 746 4412 nostri
767 4350 911 4431 Gregorii
935 4352 1071 4413 lloruaui
1099 4352 1263 4433 pontilicis
1286 4366 1498 4428 nuncusque
1521 4361 1580 4406 sua
1601 4336 1745 4449 aecclesia

534 4442 678 4507 detinuit
694 4495 702 4520 ,
718 4468 736 4509 a
752 4448 844 4509 nobis
860 4447 959 4510 inuno
975 4470 992 4511 a
1005 4448 1100 4511 beato
1118 4450 1212 4511 l'etro
1227 4447 1449 4531 apostolorum
1464 4439 1611 4527 principe
1627 4454 1745 4520 prtttta·

586 4645 721 4707 'Sosiam
734 4645 767 4697 Β.
867 4646 988 4707 =liu-iat,
1005 4646 1039 4697 Β.
1171 4646 1346 4705 ³sattiraart,
1361 4642 1395 4694 Β.
1535 4636 1667 4695 ‘Juffitlb
1680 4630 1713 4683 Β·

585 4720 703 4783 'ttttteit
717 4721 749 4773 Β.
870 4722 1053 4789 ‘Quidquam
1067 4723 1099 4775 Β.
1173 4724 1373 4781 'collaetantem
1387 4718 1422 4770 Β.
1531 4711 1671 4773 'Drmtiui
1684 4708 1717 4761 Β.
