3936 5446
387 688 449 737 an.
465 674 553 759 681.]
662 692 775 740 cnm
796 692 840 740 nr
861 692 1050 741 mennon
1075 693 1118 742 ro
1140 693 1350 742 nrnuournrs
1417 710 1423 756 .·
1550 678 1593 744 91

390 845 499 909 oblate
513 853 592 911 sunt
606 847 661 911 vel
675 847 783 912 dieite
798 898 806 912 .
821 848 877 913 vel
890 858 965 933 post
979 848 1042 914 hoe
1056 869 1261 933 quacumque
1275 848 1468 914 obvenerint
1481 854 1596 932 utpote

391 942 510 1008 divinae
536 946 702 1028 majestati
731 947 832 1010 semel
857 955 1076 1012 consecrata.
1100 946 1141 1012 de
1167 946 1243 1011 lriis¹
1264 945 1390 1030 aliquid
1411 946 1601 1031 segregandi

391 1046 489 1124 atque
510 1042 690 1126 usurpandi
712 1064 908 1129 quoeunque
922 1045 1019 1109 modo
1033 1045 1088 1109 vel
1102 1051 1247 1129 tempore
1262 1044 1319 1109 sed
1333 1049 1463 1108 tantum
1479 1042 1601 1108 lumin·

392 1140 469 1203 ariis
483 1141 678 1206 venerabilis
695 1143 889 1207 llonasterii
911 1144 1021 1227 ibique
1037 1143 1108 1208 Deo
1131 1144 1346 1208 serviencium
1368 1141 1602 1207 sustentaeioni

392 1238 562 1320 proficiant
576 1289 583 1303 .
599 1240 683 1304 illud
698 1242 835 1305 Ananiae
851 1260 885 1306 er
901 1230 1045 1326 Saplrine
1061 1243 1108 1306 eis
1123 1247 1323 1325 opponentes
1344 1240 1531 1325 exemplum
1544 1290 1554 1306 .

438 1336 502 1413 Qui
517 1357 593 1402 vero
607 1339 780 1404 obstinatis
805 1341 971 1404 mentibus
994 1348 1107 1405 eontra
1130 1341 1229 1422 hujus
1248 1340 1412 1425 privilegii
1426 1338 1603 1424 apostoliea

393 1434 583 1500 auctoritate
598 1437 724 1500 sull'ulti
734 1437 985 1521 disposicionem
997 1439 1108 1502 venire
1124 1439 1346 1521 temptaverit²
1357 1458 1399 1503 ex
1410 1438 1604 1503 auctoritate

394 1532 570 1615 apostoliea
586 1535 679 1617 cujus
696 1535 762 1599 Dei
777 1542 861 1598 nutu
876 1536 1058 1601 ministerio
1081 1536 1246 1620 trurgimur
1270 1536 1477 1601 decernentes
1498 1536 1604 1601 sanei-
1673 1606 1677 1615 ¹

396 1648 467 1693 rnus
482 1630 510 1694 si
524 1631 656 1714 quidem
681 1633 851 1717 episcopus
877 1635 975 1699 luerit
999 1632 1157 1717 presbiter
1178 1634 1231 1698 vel
1253 1634 1417 1713 diaconus,
1429 1635 1471 1699 ab
1491 1634 1605 1699 ordine

396 1749 460 1812 quo
475 1730 562 1794 intra
585 1730 755 1795 ecelesiam
778 1732 998 1816 fungebatur.
1014 1753 1049 1795 se
1072 1732 1201 1795 noverit
1225 1752 1294 1796 esse
1309 1732 1470 1815 dejectrun
1484 1782 1493 1796 .
1508 1732 1605 1797 Simi-

332 1911 335 1915 ,
395 1826 472 1891 liter
501 1828 541 1892 de
567 1849 703 1893 nurnero
729 1829 921 1894 clericorum
946 1829 1122 1912 cujuslibet
1150 1829 1274 1893 ordinis
1296 1829 1396 1894 tuerit
1421 1880 1429 1895 .
1454 1830 1507 1895 sin
1528 1850 1606 1895 vero

396 1924 498 1989 laicus
526 1926 585 2010 qui
614 1934 682 1989 tarn
713 1928 882 2011 protanam
919 1927 1209 2012 presumpcionem
1246 1928 1428 2011 proruperit
1461 1928 1606 2012 priorum

397 2027 528 2109 quidem
543 2029 624 2093 sciat
639 2050 674 2093 se
688 2038 765 2094 ante
780 2031 889 2095 Dernn
914 2052 989 2095 curn
1008 2031 1112 2113 judex
1135 2030 1303 2095 advenerit
1322 2037 1443 2095 aeterna
1456 2030 1607 2095 condem·
1635 2082 1638 2087 .

399 2126 532 2192 nacione
554 2126 687 2211 percelli
713 2178 721 2191 .
748 2128 836 2211 quod
863 2150 914 2193 res
940 2130 971 2193 ei
997 2149 1015 2193 a
1044 2129 1240 2193 Christianis
1261 2128 1387 2193 oblatas
1410 2134 1509 2213 utque
1536 2130 1608 2211 ejus

400 2226 523 2289 nomini
538 2225 703 2290 dedicatas
717 2226 861 2290 lrumuno
883 2229 1009 2291 arnbitu
1021 2227 1075 2291 vel
1099 2227 1301 2291 ineffrenata
1315 2227 1494 2311 cupiditate
1514 2247 1609 2291 usun-

400 2343 477 2408 pare
491 2325 701 2408 temptaverit
717 2376 724 2389 .
740 2326 786 2389 ita
802 2346 962 2408 quoquea
979 2325 1230 2410 participacione
1245 2325 1453 2389 sacratissimi
1467 2325 1610 2410 eorporis

401 2429 435 2485 ct
463 2423 629 2507 sanguinis
666 2423 880 2506 redemptoris
917 2424 1019 2488 nostri
1052 2424 1158 2488 Jhesu
1196 2423 1318 2489 Christi
1354 2444 1396 2487 ex
1433 2422 1611 2507 apostoliea
1683 2464 1687 2470 -

407 2522 600 2586 auctoritate
624 2542 658 2587 se
685 2522 813 2586 noverit
839 2522 984 2586 alienum
1009 2573 1017 2587 .
1042 2522 1163 2604 Culpas
1183 2521 1323 2605 denique
1346 2520 1611 2605 delinqueneium

400 2639 565 2683 servorum
580 2620 643 2685 Dei
658 2620 841 2704 apostolica·
857 2620 944 2685 sedis
966 2641 1168 2685 reservamus
1186 2619 1311 2702 judicio
1331 2640 1406 2703 erga
1423 2619 1612 2684 cauonimm

402 2716 600 2782 sancionem³
622 2718 812 2802 plectendas
827 2769 834 2782 .
852 2720 936 2784 Cum
962 2720 1052 2781 ornni
1079 2718 1220 2801 denique
1245 2718 1446 2783 districtione
1467 2718 1613 2783 sollertia

394 2823 458 2901 tua
474 2817 623 2901 invigilet
635 2838 673 2881 ae
688 2818 864 2882 reverenda
880 2818 1095 2901 religiosaque
1110 2816 1266 2881 sedulitas
1281 2824 1348 2881 tam
1363 2817 1398 2880 in
1409 2816 1613 2882 Psalmorunr

402 2915 603 3001 sollempniis
619 2917 752 2980 statutis
771 2917 972 3000 ternpnibus
987 2914 1171 2980 deserendis
1186 2936 1285 2999 quarn
1300 2916 1334 2979 in
1349 2914 1523 2999 disciplina
1537 2936 1613 2981 con·

403 3015 598 3079 versucionis
623 3014 821 3079 monachicae
846 3013 1056 3078 laudabiliter
1088 3014 1329 3078 conservanda!
1354 3022 1393 3078 ut
1425 3014 1614 3098 exemplum

404 3122 502 3196 atque
516 3113 688 3178 hortamen
713 3120 747 3179 et
770 3114 937 3178 incentiva
954 3114 1115 3177 virtutum
1139 3122 1197 3176 tua
1212 3122 1340 3196 tueque
1355 3113 1616 3197 congregacionis

407 3212 551 3293 probitas
587 3221 790 3277 censeatur.
822 3212 877 3275 Ad
907 3213 1000 3292 eujus
1031 3211 1201 3276 decretalis
1238 3211 1401 3297 privilegii
1429 3211 1616 3277 firmitatem

407 3311 582 3393 apostolica
606 3312 800 3375 auctoritate
824 3310 953 3373 >rutubi
976 3330 1092 3374 manus
1124 3322 1240 3373 nostru·
1261 3309 1534 3393 subscripsionem
1554 3309 1617 3373 im·

407 3408 584 3492 pressimus
619 3458 627 3473 .
666 3410 863 3493 Bullarnque
901 3409 1044 3473 nominis
1084 3408 1187 3473 nostri
1224 3408 1353 3473 adnecti
1397 3408 1617 3493 praecepimus

408 3510 449 3589 ›1‹
465 3509 554 3574 Bene
569 3508 687 3574 l'alete
704 3512 745 3591 »Β
767 3558 775 3572 .
1228 3498 1231 3505 ’

485 3680 783 3729 [ΜΗδ.ίόΗ.ῖίωΗὶω
791 3680 953 3731 mxuma
1005 3678 1013 3730 1
1083 3679 1129 3729 [8-1
1138 3678 1199 3721 Bud.
1207 3678 1306 3730 urdsst„
1315 3678 1394 3730 iibiss

411 4086 461 4152 57.
486 4086 590 4151 Grurrt
614 4086 653 4169 by
678 4084 861 4148 AErlrdnal
882 4092 913 4148 to
935 4084 984 4147 {Ire
1014 4084 1128 4147 Abbcss
1151 4082 1353 4166 Berupuidis,
1376 4082 1417 4166 os
1440 4080 1521 4147 iared
1540 4104 1621 4148 suar

570 4186 620 4249 tle
633 4186 732 4248 Ir'r'vrr·
750 4184 895 4259 cera-ra,
905 4206 942 4247 or
959 4183 1118 4248 Clearcdl.
1165 4182 1296 4259 Odeber,
1311 4197 1373 4246 An.
1389 4182 1465 4247 681.

454 4322 494 4385 ln
511 4322 640 4386 nornine
656 4319 780 4383 demini
796 4320 860 4383 Ilei
876 4318 1046 4383 salvatoris
1067 4317 1169 4381 nostri
1185 4317 1290 4381 Jlresu
1306 4317 1447 4381 Christ-i!

454 4422 523 4506 Ego
548 4422 760 4497 AErrrrtrrron,
786 4440 844 4504 per
869 4438 1065 4483 eonsensum
1091 4417 1174 4501 regis
1196 4414 1387 4492 rlltlrehedi,
1406 4434 1465 4501 pro
1479 4414 1621 4481 remedio

411 4520 528 4585 animae
554 4541 643 4597 meze,
665 4520 750 4583 dono
771 4518 833 4582 tibi
857 4518 1048 4580 Bruxuvrru
1076 4515 1256 4579 venerabili
1277 4513 1447 4579 abbatissae
1471 4520 1506 4578 et
1528 4512 1621 4577 Folo·

410 4618 514 4705 burgi
529 4627 561 4685 et
577 4640 636 4704 per
657 4640 716 4684 vos
737 4616 932 4682 monasterio
947 4624 1065 4689 vestro,
1079 4623 1269 4679 manentes.
1283 4601 1363 4677 nvn.
1382 4613 1480 4696 juxta
1498 4610 1622 4677 flumen

328 4751 335 4763 ·
411 4718 500 4802 quod
526 4718 710 4803 appellatur
736 4716 921 4789 cerame,
947 4720 984 4776 ut
1006 4712 1153 4777 habeatis
1172 4712 1246 4796 jure
1276 4709 1483 4795 dominioque
1503 4717 1622 4786 vestm,

408 4837 508 4901 quam
537 4817 732 4882 monasterio
761 4822 869 4881 vestro
893 4812 1075 4877 vindicetis.
1132 4811 1167 4875 Si
1193 4810 1267 4895 quis
1287 4830 1366 4874 vero
1392 4816 1504 4874 contre
1535 4807 1624 4875 hane

542 4964 664 5026 rrae
851 4958 1082 5025 trasmae
1245 4954 1491 5023 ⁸⁸02er
