3936 5446
305 390 367 443 nn.
381 377 470 466 68o]
514 393 626 445 enarr
647 396 690 446 rr
711 397 916 448 cnounrnnn
938 397 980 448 ro
1001 397 1121 449 rasnor
1140 398 1290 452 wnrarn
1457 389 1502 455 ⁸³

306 550 397 623 erse.
418 555 496 622 hine
515 556 557 621 ad
576 553 702 621 relrithe
716 604 725 620 .
740 555 782 619 nb
796 553 867 641 ipso
880 555 952 620 rire
966 554 1008 620 ad
1022 554 1185 621 turinum
1199 579 1302 626 unum
1320 608 1329 627 .
1344 560 1441 626 etsie
1460 559 1504 625 ad

305 653 412 721 lacum
436 656 523 721 eeale
548 675 635 721 mere
649 702 658 719 .
672 652 751 719 hine
776 654 820 719 ad
842 653 968 719 headan
993 654 1093 721 serui
1108 655 1150 720 ab
1169 656 1227 723 illo
1246 657 1319 725 loeo
1333 710 1341 726 .
1355 667 1391 724 to
1411 658 1505 724 inlnn

306 756 438 820 treouue
452 804 460 819 .
475 760 510 820 et
534 755 582 819 sie
606 754 642 817 in
667 757 762 817 teian
780 751 857 818 barn
872 803 880 818 .
895 754 943 819 sie
966 753 1007 819 nd
1032 754 1097 819 riso
1111 775 1197 821 mere
1211 804 1220 821 .
1234 757 1276 822 nb
1298 756 1356 822 illo
1375 756 1449 823 loeo
1468 764 1512 842 te¹

306 851 403 937 irleap
433 873 520 918 rnere
535 901 543 917 .
558 859 592 916 et
606 856 684 916 sunt
704 870 825 943 pascua
839 852 949 937 orium
971 852 1007 917 in
1029 873 1118 919 meos
1140 853 1226 920 dune
1247 855 1446 941 pertinentia
1464 855 1508 923 sd

307 956 385 1037 tang
406 971 514 1018 inere.

275 1069 279 1077 ·
352 1051 450 1115 Anno
475 1049 643 1116 dominiee
668 1049 901 1135 ineamationis
927 1049 1050 1115 dcirxx
1074 1100 1083 1116 .
1104 1052 1173 1137 Ego
1196 1052 1381 1119 Cnduunlla
1402 1073 1461 1120 rex
1489 1072 1510 1119 a

309 1150 433 1231 prefate
456 1156 586 1233 rogatus
609 1148 768 1232 episcopo
785 1148 870 1213 haue
893 1148 1075 1215 donationis
1093 1171 1171 1215 mese
1193 1152 1349 1217 cartulam
1372 1152 1510 1218 seribere

305 1248 388 1331 jassi
405 1296 414 1314 .
429 1256 463 1313 et
478 1249 599 1332 absque
613 1247 765 1311 triinoda¹
782 1248 972 1314 necessitate
982 1249 1083 1313 totius
1097 1249 1270 1315 Christiani
1284 1252 1398 1336 papali
1411 1249 1446 1316 id
1460 1256 1512 1317 ost

310 1347 391 1412 ercis
405 1348 602 1412 munitione.
618 1346 728 1431 pontis
742 1346 965 1413 emendatione
976 1397 984 1412 .
995 1348 1140 1413 exercitu
1155 1350 1360 1434 congestione
1374 1349 1526 1426 liberam,

311 1447 486 1531 perstrinxi
510 1496 519 1513 .

440 1577 509 1661 Ego
519 1575 664 1660 Eeguaid
675 1574 868 1659 subregulus
878 1580 987 1640 mente
995 1574 1112 1640 derata
1121 1575 1267 1642 consensi
1274 1582 1308 1643 et
1317 1575 1512 1663 subscripsi.

444 1680 485 1758 »Β
507 1676 575 1759 Ego
604 1673 816 1738 AEthelredus
845 1673 974 1740 dornino
1010 1680 1175 1758 prestante
1199 1695 1255 1739 rex
1284 1695 1343 1760 pro
1371 1674 1514 1741 remedie

572 1774 688 1836 anirnte
703 1791 782 1836 meu
798 1771 881 1837 hane
896 1771 1103 1837 donationem
1118 1771 1340 1838 corroborari.
1398 1757 1404 1769 ⁶

445 1880 484 1959 ›1‹
508 1876 577 1960 Ego
591 1873 711 1938 Haddi
725 1873 897 1965 episcopus
910 1873 1056 1939 consensi
1072 1880 1107 1938 et
1121 1874 1296 1959 subscripsi
1310 1925 1318 1940 .

445 1982 486 2060 »χι
510 1978 578 2061 Ego
591 1975 837 2040 Ercenuualdus
859 1975 1027 2060 episcopus
1042 1974 1188 2040 oonsensi
1203 1983 1235 2040 et
1250 1976 1449 2061 subscripsi.

447 2086 487 2164 ›1‹
510 2082 578 2165 Ego
592 2077 788 2143 Aidlrehnus
808 2077 994 2142 scolasticus
1015 2077 1246 2162 archiepiscopi
1260 2077 1417 2143 Theodori
1430 2076 1517 2144 hane

576 2178 732 2244 eartularn
748 2176 901 2240 dictitans
917 2186 1011 2261 prout
1033 2176 1116 2260 regis
1136 2177 1357 2260 majonunque
1379 2176 1517 2261 imperia

576 2282 762 2341 statuerunt
778 2275 915 2340 seribere
926 2274 1009 2361 jussi
1024 2325 1032 2339 .
1048 2275 1179 2358 illisque
1201 2274 1422 2340 sancient-ibus
1442 2294 1518 2339 oon·

578 2377 731 2441 stitutuur
755 2382 806 2439 est
827 2413 841 2439 .·
855 2384 893 2439 ut
907 2374 1000 2439 beato
1020 2374 1090 2438 viro
1116 2373 1279 2439 Uuilt'rido
1307 2374 1446 2439 liberum
1468 2391 1520 2437 re·

578 2484 723 2539 maneret
738 2474 908 2537 arbitrium
924 2474 958 2536 in
974 2473 1041 2537 rita
1056 2492 1115 2536 sua
1137 2472 1177 2536 de
1198 2472 1257 2537 hac
1279 2472 1362 2537 riuis
1394 2489 1520 2556 posses·

579 2573 726 2639 siuneula
736 2623 744 2636 .
755 2581 788 2637 et
804 2580 876 2656 post
891 2573 1014 2636 obitura
1030 2571 1368 2655 crrieuraqueroluerit
1382 2571 1417 2636 in
1428 2576 1521 2635 uter·

582 2695 658 2738 narn
673 2671 912 2758 possessionem
926 2672 999 2754 jure
1013 2670 1207 2735 hereditario
1221 2668 1477 2755 derelinqueret.
1490 2705 1494 2711 ·

667 2805 737 2867 Pax
753 2801 880 2868 eunetis
895 2800 1077 2885 legentibus
1092 2849 1100 2864 .

670 2902 937 2984 consensumque
951 2899 1161 2982 prebentibus
1175 2948 1183 2962 .

670 3002 785 3085 Sitque
800 3000 871 3063 laus
887 2998 1076 3063 utentibus.

671 3100 808 3183 Luxque
823 3117 937 3181 perpes
952 3095 1176 3161 credentibus.

672 3199 789 3261 Vinus
803 3195 872 3259 vita
887 3195 1071 3259 faventibus
1086 3243 1094 3258 .

674 3296 749 3360 Rite
765 3300 890 3359 constet
905 3293 1071 3357 senatibus

676 3394 858 3478 Angelorum
873 3400 971 3478 atque
986 3392 1110 3458 cetibus

673 3495 739 3573 Qui
753 3494 837 3557 derra
854 3492 980 3556 firment
995 3491 1149 3555 nutibus.

386 3616 554 3683 Eaaorscd
567 3641 624 3679 .·-
646 3616 687 3695 *1⁴
712 3612 851 3676 Paconi·
867 3609 989 3689 lrnint²3
1008 3610 1078 3687 (atla
1095 3612 1244 3692 centum).

465 3719 505 3797 »ξι
530 3712 717 3781 Uiriliridus
732 3710 911 3794 apiscopus
927 3707 1081 3772 cartulam
1096 3707 1180 3771 lianc
1195 3705 1483 3790 ‚multimodosque
1496 3712 1532 3771 et
1618 3704 1627 3725 ²

592 3813 795 3879 irunr'dlirnas
839 3810 1003 3876 Theodoro
1046 3810 1283 3894 archiepiscopo
1325 3808 1361 3872 in
1401 3808 1532 3876 Christe

597 3912 719 3975 salutes
731 3910 853 3989 :-(.rtit
869 3911 1023 3991 ccatrup).

469 4012 553 4079 Reu²
568 4009 723 4077 cedunala
747 4008 836 4071 dedit
859 4006 1037 4091 l‘aggeirenr
1061 4006 1339 4071 Sanetoii'ilsrido
1360 4007 1530 4091 episcopo.

593 4109 696 4173 latine
711 4106 812 4186 (sidit
828 4112 982 4189 century).

1303 3464 1352 3522 l

337 4289 385 4341 [k]
394 4288 451 4331 Brit.
465 4286 534 4335 iius..
549 4283 607 4328 cett.
620 4283 741 4331 Angustus
756 4277 837 4327 11.e·a;
851 4276 915 4319 fuce.
959 4276 1003 4324 te.)
1013 4276 1117 4321 Kernbie.
1126 4275 1177 4317 sed.
1190 4275 1262 4327 Birt..
1273 4274 1316 4318 b'o.
1329 4285 1399 4327 nrm,
1411 4275 1472 4320 im
1485 4274 1532 4327 [kl

383 4352 408 4394 tv
424 4351 445 4393 ι
1010 4340 1057 4378 aad
1068 4338 1116 4379 ils.
1126 4337 1244 4386 uramur.
1253 4340 1311 4387 iiii,
1319 4337 1338 4381 i.
1347 4339 1394 4382 wi.

594 4493 604 4526 ¹
620 4492 749 4551 Trimtsio,
763 4487 795 4539 B.
1003 4484 1014 4517 ¹
1029 4487 1112 4537 'ibere
1123 4488 1150 4537 in
1161 4486 1194 4537 Α.
1206 4486 1274 4550 ouis.

1339 4635 1396 4696 ui
