3936 5446
490 543 552 593 aa.
569 529 655 614 704]
709 545 830 594 arrrna
844 544 885 595 or
899 544 1079 596 merrom
1094 544 1185 594 nro
1200 543 1285 595 nno
1298 542 1460 595 annana.
1615 532 1679 597 161

491 722 604 767 nemus
626 700 910 767 Berohtuualdum¹
926 702 1095 786 praesulem
1116 690 1234 768 sanctae
1250 699 1500 767 cantuariorum
1525 698 1679 779 ecclesia,

491 818 587 881 quem
616 788 805 864 auctoritate
833 798 989 884 principis
1017 788 1235 883 apostolorum
1257 798 1535 881 archiepiscopum
1558 796 1682 865 ibidem

491 897 748 962 continuavimus
774 898 1065 962 reverentissimum
1089 898 1221 963 fratrem
1249 904 1396 963 nostrum
1421 945 1430 962 .
1453 900 1492 959 ut
1519 894 1681 977 synodum

492 1004 644 1059 convocet
658 1016 724 1061 una
737 1017 810 1060 cum
822 995 1000 1061 Uuilirido²
1013 997 1161 1081 episcopo
1176 1046 1184 1061 .
1199 1003 1233 1061 et
1247 994 1383 1061 concilio
1398 993 1585 1078 reguilantor
1597 992 1682 1061 cclc-

492 1090 603 1156 bruto!
619 1094 736 1158 Bosam
756 1102 852 1176 atquo
873 1094 1058 1158 Jolrannem
1080 1095 1245 1177 episcopos
1266 1094 1302 1157 in
1324 1090 1484 1177 spuodum
1504 1090 1604 1157 iaciat
1623 1092 1682 1158 ad·

492 1190 600 1255 venire
614 1195 622 1252 t
637 1212 794 1275 vocesque
815 1192 955 1275 partium
970 1192 1082 1255 audiat
1098 1240 1106 1257 .
1122 1201 1154 1256 et
1171 1191 1350 1256 consideret
1368 1188 1448 1273 quid
1463 1188 1525 1253 sibi
1539 1188 1681 1257 invicem

491 1295 598 1370 partes
626 1289 757 1354 valeant
785 1290 990 1373 approbare,
1019 1290 1062 1353 Et
1091 1290 1119 1353 si
1147 1290 1278 1373 quidem
1307 1308 1346 1353 eo
1370 1288 1566 1371 suffragante
1593 1288 1682 1373 apud
1740 1346 1746 1355 .

492 1386 650 1468 synodum
672 1387 734 1451 hoc
759 1387 945 1468 regulariter
970 1387 1183 1453 determinare
1203 1386 1364 1451 voluerit!
1382 1392 1510 1469 gratum
1532 1385 1626 1451 nobis
1646 1394 1683 1453 et

492 1484 637 1566 partibus
660 1485 790 1568 expedit
805 1507 813 1564 3
828 1486 884 1548 Sin
908 1484 1003 1549 aliter
1025 1485 1198 1550 acciderit!
1213 1483 1288 1548 illos
1309 1482 1507 1567 synodaliter
1527 1492 1681 1553 moneat.

493 1582 538 1645 ct⁸
552 1584 853 1648 commonitionibus
875 1582 942 1647 suis
963 1590 998 1647 et
1019 1604 1163 1667 quaqua
1184 1582 1334 1666 prodesse
1355 1582 1424 1645 suis
1445 1582 1591 1665 partibus
1600 1602 1682 1647 ana·

493 1700 620 1764 quaque
631 1683 809 1747 consideret
822 1681 863 1745 ad
873 1680 969 1744 hanc⁴
980 1681 1088 1745 sedem
1103 1681 1310 1764 apostolicam
1324 1678 1423 1743 simul
1436 1685 1627 1745 occurrant!
1641 1686 1682 1745 nt

440 1842 443 1847 ,
494 1776 528 1839 ἰιι
550 1780 697 1861 ampliori
719 1779 853 1844 concilio
874 1779 1037 1862 flagitetur
1058 1778 1108 1843 ac⁵
1122 1777 1310 1842 decidatur!
1328 1776 1417 1861 quod
1437 1776 1595 1842 hactenus
1615 1796 1682 1843 non

494 1878 597 1943 ualuit
623 1882 820 1945 terminarit
844 1887 942 1963 atquo
967 1900 1025 1963 per
1050 1880 1186 1963 gratiam
1213 1879 1316 1943 sancti
1338 1878 1474 1962 spiritus
1499 1878 1587 1962 ,qui
1608 1899 1683 1943 cum

495 1976 651 2042 discordia
668 1984 823 2043 venerant
837 2030 844 2043 .
859 1986 1062 2041 revertantur
1084 1977 1119 2040 in
1142 1998 1220 2060 paco
1236 1999 1244 2056 ;
1259 1977 1347 2041 Scire
1365 1984 1475 2041 antem
1493 1973 1590 2041 debet
1610 1976 1684 2061 qai·

495 2092 632 2157 cumquo
666 2077 705 2140 de
731 2077 777 2141 eis
798 2076 949 2141 advenire
974 2074 1168 2139 distulerit!
1193 2074 1246 2138 rol
1271 2074 1359 2158 quod
1380 2081 1431 2137 est
1453 2072 1685 2140 exsecrandum

495 2176 604 2239 venire
628 2178 853 2259 contempserit
871 2226 880 2252 ,
898 2176 1039 2259 seipsum
1062 2174 1231 2257 dejectioni
1257 2174 1450 2237 submittat!
1465 2180 1499 2237 et
1518 2172 1597 2237 hinc
1616 2173 1687 2238 abi.

495 2270 640 2338 ciendus⁶
654 2296 713 2339 acc
735 2274 853 2339 ibidem
874 2274 915 2335 at»
935 2272 1003 2335 allo
1022 2272 1197 2355 praesulum
1220 2271 1288 2335 sivo
1303 2270 1448 2335 fidelium
1462 2270 1687 2355 reeipiendus!

497 2369 560 2447 Qui
575 2372 660 2435 enim
676 2393 733 2436 suo
749 2372 946 2435 inoboediens
960 2370 1084 2435 existit⁷
1099 2371 1221 2435 auctori
1237 2375 1245 2430 t
1264 2390 1329 2433 noa
1343 2370 1462 2453 poterit
1475 2369 1561 2435 inter
1574 2370 1687 2437 minis·

496 2476 562 2533 tros
576 2471 645 2552 ejas
667 2480 764 2555 atque
785 2470 959 2553 discipulos
980 2468 1137 2532 recenseri
1152 2492 1162 2548 ;
1175 2469 1294 2532 Vestra
1307 2467 1441 2552 proinde
1456 2466 1638 2535 Christiana
1654 2476 1691 2535 et

497 2567 611 2649 regalis
632 2569 813 2631 sublimitas
831 2588 888 2651 pro
911 2567 976 2631 Dei
996 2566 1111 2630 timore
1142 2574 1177 2630 ot
1199 2566 1390 2630 Christiana
1414 2564 1489 2630 fidei
1509 2566 1690 2631 reverentia

497 2674 530 2726 et
545 2685 622 2747 pace
636 2717 644 2743 ‚
659 2687 756 2749 quam
771 2666 920 2729 domiuus
935 2665 955 2728 J
958 2665 1056 2728 hesus
1072 2665 1219 2728 Christus
1228 2664 1295 2728 suis
1310 2664 1401 2728 (ledit
1414 2663 1581 2747 discipulis
1593 2666 1689 2731 ‚sub-

497 2772 629 2827 ventum
652 2765 750 2829 saciat
771 2770 866 2848 atque
889 2784 1081 2827 concursum
1100 2767 1108 2822 t
1130 2772 1168 2826 ut
1189 2762 1259 2827 lucc
1280 2783 1352 2845 quae
1374 2782 1394 2825 a
1414 2762 1486 2827 Deo
1514 2762 1691 2847 asspirante⁸

498 2864 717 2946 perspeximus
740 2864 781 2927 ad
803 2863 952 2927 ellectum
975 2862 1187 2945 perueniant!
1205 2869 1244 2923 ut
1258 2881 1316 2943 pro
1337 2860 1522 2942 lmjusmodi
1543 2860 1692 2943 religioso

498 2962 612 3025 auaisu
636 3013 644 3027 .
670 2984 789 3027 merces
811 2963 902 3025 vobis
924 2960 1123 3025 adscribatur
1146 2961 1181 3023 ia
1203 2960 1311 3023 celis!
1332 2960 1499 3042 quatinusl
1519 2968 1554 3025 ct
1571 2960 1607 3023 in
1628 2960 1692 3025 hoc

499 3060 613 3123 sarculo
630 3060 756 3125 Christo
767 3066 953 3143 protegente
968 3059 1107 3141 regnetis
1120 3056 1297 3121 incolumes
1312 3106 1320 3121 .
1335 3065 1369 3120 ct
1384 3057 1496 3121 aterni
1517 3057 1608 3142 regati
1620 3058 1693 3142 ejus

499 3157 628 3221 beatum
644 3160 836 3223 consortium
855 3156 1018 3235 habetis¹⁰;
1039 3157 1118 3220 Ideo
1140 3156 1349 3221 recordemini
1365 3156 1416 3230 ,Ο
1437 3156 1497 3221 filii
1515 3158 1694 3237 andnimi,

500 3257 578 3341 quid
600 3257 639 3321 de
661 3256 721 3322 nte
743 3258 853 3321 eadem
876 3256 910 3320 τό
932 3256 1138 3319 beatissimus
1159 3254 1289 3338 Agatho
1309 3254 1502 3339 ‚caeterique
1524 3263 1597 3339 post
1617 3276 1695 3323 eum

499 3352 637 3418 consina
653 3376 729 3419 voce
744 3356 910 3420 nobiseum
925 3354 1079 3439 presules
1098 3374 1236 3417 romanae
1253 3353 1393 3417 ecelesia·
1415 3354 1591 3437 apostolica
1618 3374 1696 3419 auc

500 3453 628 3515 toritate
654 3462 830 3517 sanxerunt
852 3476 860 3531 ;
882 3453 1085 3536 Quicumque
1111 3452 1198 3515 enim
1221 3452 1396 3534 cujuslibet
1416 3472 1558 3535 personae
1579 3450 1696 3517 audiui

500 3552 679 3617 temeritato
705 3552 931 3636 contimpserit
957 3552 1107 3615 nouerit
1136 3550 1155 3614 ri
1184 3550 1257 3615 Deo
1281 3550 1462 3635 impunitus
1491 3571 1596 3635 noque
1623 3551 1696 3617 sino

500 3650 663 3735 ‹lampno¹¹
679 3652 803 3715 celitus
820 3651 972 3736 alligatas
995 3647 1130 3714 evadit¹²
1150 3648 1696 3730 3Iucolomem¹³enriaeutiamrcs·

502 3755 584 3812 tram
598 3753 606 3809 t
621 3751 724 3833 gratia
738 3771 875 3835 superna
889 3748 1074 3815 custodiat.

502 3942 851 3994 1A.]n8.t’on.t'espasianu.
861 3944 893 3994 vl,
908 3942 927 3986 t.
940 3943 991 3984 lito
1010 3942 1077 3989 (Edit.
1120 3943 1182 3985 thl.
1197 3943 1285 3992 mina..
1299 3944 1365 3985 Gesta
1376 3944 1460 3999 Pontis.
1476 3944 1514 3989 erl.
1532 3944 1658 3999 Μία,
1671 3957 1696 4001 p.

552 4006 630 4055 steph.
644 4006 693 4045 l'tra
706 4005 827 4057 tt'ttrrttu,
1170 4010 1217 4049 tw.
1246 4008 1297 4055 (See
1305 4008 1445 4057 Notion.)

502 4066 549 4117 [8.]
571 4067 632 4107 uad.
655 4068 704 4107 aad
731 4068 774 4113 St.
795 4068 828 4117 iil,
849 4069 895 4116 m,
915 4066 977 4110 {rom
999 4068 1078 4110 Gulo'c
1120 4068 1204 4113 nanu.
1223 4070 1266 4116 xii.
1279 4070 1330 4120 1623
1353 4070 1440 4121 stria,
1457 4070 1511 4114 Ber.
1528 4071 1596 4125 1151.
1613 4071 1697 4125 strip„

553 4128 648 4179 Eddius,
656 4128 703 4169 and
712 4128 884 4172 athenam
1171 4130 1472 4182 analemmatorum.

552 4275 561 4308 ¹
579 4277 778 4339 Berlnwaldurm
792 4277 825 4329 Β.
934 4277 1103 4340 'waldila
1116 4277 1148 4328 Β.
1253 4279 1265 4311 ⁸
1283 4281 1328 4343 Ut,
1341 4279 1374 4331 Β.
1480 4281 1697 4349 ‘Qquuoem-

503 4354 575 4401 desse
593 4355 744 4417 consideret,
762 4356 835 4414 hanc,
857 4353 890 4404 Β.
1020 4354 1032 4385 ⁸
1048 4355 1089 4405 Ad
1107 4357 1248 4418 decidetur,
1268 4355 1300 4407 Α.
1440 4358 1641 4423 *Αὺῇίοἰειιιίιιῃ
1662 4358 1696 4411 Β.

501 4428 513 4460 ¹
531 4430 646 4494 fixerint,
659 4429 692 4481 Β.
805 4433 816 4464 ⁸
832 4432 986 4495 Inspirantae,
999 4430 1032 4481 Β.
1151 4432 1164 4463 '
1180 4434 1321 4495 Quatenus,
1335 4433 1367 4485 Β.
1483 4430 1504 4467 ¹⁰
1520 4436 1650 4501 11an
1662 4434 1697 4489 Β.

504 4504 522 4535 ¹¹
541 4507 647 4569 Damno,
661 4504 694 4559 B.
793 4506 815 4539 ¹¹
833 4508 939 4571 Plaudet,
952 4507 985 4557 Β.
1084 4508 1105 4540 ¹³
1121 4510 1288 4573 incolumem,
1301 4508 1334 4560 Β.
