3936 5446
402 526 405 530 .
442 486 497 535 nn
520 469 610 553 664]
642 482 755 532 onam
769 483 810 532 or
824 484 1017 545 nutrimur,
1031 484 1114 534 mue
1129 486 1173 536 or
1185 489 1253 545 rrn:
1267 491 1444 541 uenerias
1598 479 1640 547 37

442 642 484 705 ln
499 640 819 725 Notinglramschira!
843 641 1033 727 colingham
1048 649 1083 708 et
1096 665 1172 709 cum
1185 646 1332 714 Fcclesia
1346 655 1382 714 et
1396 668 1470 713 cum
1484 647 1645 714 libertati·

441 741 502 805 bus
527 741 622 824 regiis
647 747 683 803 et
707 739 897 805 Molendino
921 749 956 806 et
980 762 1055 806 cum
1080 745 1233 811 omnibus
1253 747 1460 832 pertinentiis
1488 747 1578 811 suis.
1601 747 1644 811 la

439 838 698 904 lincolnscbira!
732 838 1013 905 Fislrerton¹c1nn
1042 842 1188 908 Ecclesia
1216 853 1251 909 ct
1281 845 1415 930 Capella
1439 843 1480 910 de
1503 845 1644 909 Retlram

440 938 546 1001 eidem
576 936 732 1002 eccclesiae
761 936 921 1019 adjacenti
943 989 952 1003 .
973 946 1008 1003 et
1035 959 1110 1003 cum
1133 943 1288 1008 omnibus
1318 942 1522 1027 appendiciis
1546 943 1645 1007 srris.

440 1036 564 1099 Villam
579 1036 619 1101 de
635 1036 763 1100 Scotere
778 1043 811 1100 et
825 1036 999 1121 Scalliorpe
1013 1058 1088 1101 cum
1107 1039 1254 1106 Ecclesia
1269 1040 1506 1108 ctrnolendino
1520 1047 1644 1107 etcum

440 1135 592 1198 omnibus
613 1133 811 1218 appendiciis
840 1135 938 1200 suis.
969 1137 1009 1199 ln
1032 1136 1206 1201 Scotton't‘
1243 1161 1300 1206 sex
1322 1160 1455 1205 carrucas
1485 1146 1580 1204 terrm
1609 1139 1645 1203 in

441 1233 568 1317 Tlrorpe
591 1282 598 1296 .
622 1233 664 1296 ii.
681 1252 810 1296 carneas
832 1232 866 1295 in
889 1232 1071 1318 loltlrorpc!
1094 1234 1296 1303 dimidiam.
1320 1239 1361 1302 Ῑιι
1389 1239 1524 1303 ltismut
1549 1236 1647 1301 dimi·

442 1331 529 1394 diam
546 1382 553 1396 .
570 1332 610 1394 ln
633 1330 855 1414 blessinglram
869 1381 877 1394 .
893 1331 941 1394 iiii
960 1381 968 1396 .
992 1332 1132 1397 Camcas
1153 1344 1188 1399 et
1202 1386 1210 1400 .
1226 1336 1261 1400 ri
1282 1386 1290 1401 .
1314 1338 1449 1401 rorans
1471 1386 1479 1401 .
1503 1336 1545 1400 la
1560 1334 1647 1400 Mal·

442 1430 590 1493 rniton'³.
606 1431 630 1494 ii
645 1479 653 1495 .
668 1450 799 1494 aanrms
823 1478 832 1495 .
854 1430 896 1492 ln
911 1429 1036 1494 Cletam
1051 1480 1060 1494 .
1075 1431 1086 1494 i
1103 1479 1113 1496 .
1129 1432 1287 1519 (brucum
1312 1435 1377 1501 .1n
1401 1434 1647 1499 llibaldestorre

439 1529 475 1592 ,i
490 1580 497 1594 .
514 1530 669 1594 Carneum
684 1579 692 1593 .
708 1537 740 1593 et
753 1536 899 1612 quartam
914 1536 1039 1612 partem
1052 1516 1208 1597 Ecclesia
1219 1583 1227 1597 .
1240 1534 1281 1597 In
1296 1533 1569 1618 Ragonildctorpe
1579 1582 1588 1597 .
1599 1532 1624 1596 ii
1639 1557 1649 1612 ;

443 1627 582 1691 Carucas
606 1628 629 1691 ii
645 1678 652 1692 .
669 1627 808 1692 Carucas
833 1634 867 1690 et
892 1625 1060 1690 dimidiam
1086 1677 1094 1691 .
1120 1628 1162 1692 ln
1186 1630 1307 1693 llolmt
1341 1632 1366 1695 ii
1390 1631 1553 1696 ‚Camcas
1574 1679 1583 1694 .
1606 1630 1649 1694 Ia

443 1725 583 1808 lliscbyt
607 1725 774 1789 dimidiam
791 1712 965 1788 Camcamss
978 1725 1018 1788 In
1033 1725 1113 1789 villa
1123 1725 1164 1791 dc
1174 1727 1324 1794 ll'alccte
1339 1749 1436 1812 super
1446 1729 1650 1806 llnmbram3

443 1823 476 1886 ui
492 1873 500 1886 .
516 1825 676 1888 Cameas.
694 1824 736 1887 ln
750 1822 956 1887 Alkcbarue!
979 1843 1078 1887 unam
1092 1833 1128 1889 et
1148 1833 1252 1890 totam
1275 1826 1477 1892 Ecclesiam.
1501 1827 1544 1890 ln
1564 1826 1649 1890 Nor·

444 1926 585 2010 manbyt
609 1947 707 1990 unmn
730 1926 885 1990 Cardeam
912 1976 920 1990 .
944 1926 985 1989 Ιιι
1000 1926 1180 2012 Aletlrorpe
1203 1930 1374 1995 dimidiam
1401 1950 1583 1996 eamcam.
1608 1929 1650 1993 la

444 2024 610 2089 Mustarn!
634 2046 730 2088 unam
755 2024 911 2089 Cameam
926 2032 960 2088 ct
973 2073 981 2088 .
996 2025 1021 2089 ii
1036 2075 1044 2090 .
1059 2026 1217 2093 bovatas.
1233 2030 1276 2093 Et
1290 2029 1406 2092 uillam
1422 2028 1463 2093 de
1485 2027 1651 2112 Thurlcby

445 2144 521 2187 cum
536 2125 679 2188 Ecclesia
693 2132 727 2189 et
742 2123 964 2207 appendiciis.
980 2123 1024 2188 Et
1037 2124 1152 2189 uillam
1167 2127 1209 2191 dc
1224 2128 1391 2211 osgoteby
1402 2148 1478 2192 cum
1499 2126 1652 2191 omnibus

372 2274 376 2279 .
444 2222 653 2306 pertinenciis
690 2223 757 2286 suis
783 2271 791 2285 .
822 2221 866 2284 Et
890 2221 1038 2286 Walcote
1071 2223 1169 2305 juxta
1197 2225 1410 2310 Trikingbam
1440 2232 1475 2289 et
1503 2223 1652 2289 Breides·

444 2321 560 2404 tlrorpe
575 2372 583 2386 .
598 2321 737 2386 llilrale.
760 2328 793 2384 et
815 2319 1060 2404 llelmesthorpe
1080 2371 1088 2386 .
1112 2322 1333 2408 blantlrorpc.
1356 2330 1391 2388 et
1413 2323 1569 2388 Carlctun
1584 2373 1591 2386 .
1608 2323 1652 2387 Et

445 2420 712 2504 Qnadareringge
726 2420 761 2484 in
779 2417 964 2502 lloylandia
978 2468 986 2483 .
1001 2439 1076 2483 cum
1099 2420 1212 2486 saliuis
1228 2430 1269 2487 -et
1290 2423 1420 2508 pascuis
1444 2429 1478 2488 ct
1497 2422 1651 2486 omnibus

444 2519 655 2603 pertinenciis
683 2518 751 2582 suis
778 2569 785 2583 .
810 2517 850 2581 In
880 2517 1248 2602 lluntingdonneschira
1277 2520 1393 2584 rillam
1426 2520 1468 2584 de
1498 2519 1653 2583 Fletton'‘

446 2638 523 2682 cum
539 2617 681 2682 Feclesia
697 2623 730 2680 et-
745 2615 944 2680 llolendinis
958 2666 966 2681 .
981 2616 1025 2679 m
1039 2616 1152 2681 villam
1167 2617 1209 2682 de
1224 2618 1392 2683 Overton‘⁵
1402 2639 1477 2684 cum
1489 2617 1654 2702 pertinen·

447 2718 507 2781 ciis
534 2718 602 2780 suis
617 2767 625 2781 .
640 2718 683 2780 Et
697 2716 810 2779 villam
834 2713 874 2778 de
886 2714 1094 2779 Alenalton'⁸
1107 2736 1182 2780 cum
1209 2717 1356 2782 Faciesia
1374 2723 1410 2782 et
1435 2716 1654 2781 Molendinis.

450 2836 525 2879 cum
548 2814 716 2878 tlreoloneo
737 2813 880 2877 Navium
895 2821 930 2877 et
951 2833 1025 2876 curn
1040 2815 1191 2878 omnibus
1205 2814 1408 2899 appendiciis
1422 2816 1513 2880 sniS.
1529 2813 1654 2879 Merca·

448 2923 612 2976 tumuere
634 2913 668 2976 in
691 2910 972 2975 bledesbamstede
996 2913 1226 2976 constituimus
1252 2912 1444 2997 singulare.
1466 2918 1505 2976 ut
1525 2910 1655 2975 nullum

449 3011 540 3076 aliud
555 3012 712 3075 habeatur
727 3010 813 3074 inter
822 3009 1016 3073 Stauniordc
1030 3017 1065 3075 et
1079 3011 1316 3096 Huntingdon.
1326 3012 1412 3077 etad
1425 3011 1511 3076 idem
1523 3010 1656 3074 damus.

449 3111 635 3193 ibidemque
656 3108 739 3173 solvi
759 3107 909 3190 jubemus
935 3115 1040 3172 totum
1067 3109 1137 3173 sine
1163 3110 1232 3173 ulla
1254 3110 1509 3174 contradictione
1532 3108 1657 3173 theolo-

450 3230 549 3273 neum
561 3259 568 3273 .
578 3218 612 3273 et
621 3216 752 3292 propter
761 3207 848 3269 varia
859 3204 950 3271 lucra
960 3208 1173 3291 corporalium
1184 3218 1218 3273 ct
1228 3209 1449 3292 spiritualium
1462 3208 1656 3271 utilitatum!

448 3308 512 3374 boc
528 3308 708 3373 Mercatunr
724 3306 925 3371 decrevimus
937 3306 1006 3369 illic
1020 3306 1176 3370 celebrari
1191 3358 1199 3373 .
1214 3316 1247 3372 et
1263 3306 1493 3391 undiqueillic
1508 3305 1630 3389 requiri
1646 3353 1656 3371 .

449 3408 605 3493 quatinus
628 3416 661 3471 et
676 3405 737 3469 Dei
760 3404 901 3468 ministri
925 3405 1000 3468 inde
1022 3404 1222 3486 adjuventur
1242 3405 1456 3489 propinquius
1474 3452 1482 3469 .
1497 3410 1532 3468 et
1545 3423 1566 3467 a
1579 3423 1674 3467 con·-

450 3515 599 3571 currente
621 3503 740 3590 populo
763 3505 848 3567 inter
869 3510 995 3567 terrena
1017 3504 1214 3568 neceesaria!
1236 3503 1380 3568 cerlestia
1402 3510 1558 3587 petantur
1578 3502 1656 3566 sub

451 3605 535 3668 sidia
549 3656 557 3670 .
572 3602 745 3667 dummodo
761 3623 817 3686 per
831 3601 932 3666 sancti
949 3601 1038 3665 Petri
1052 3603 1189 3685 qna-sita
1203 3602 1384 3685 patrocinia
1398 3650 1405 3665 .
1421 3608 1455 3666 ct
1470 3621 1528 3684 per
1541 3600 1656 3663 missa-

451 3725 525 3768 rum
546 3701 657 3766 audita
679 3701 845 3764 misteria.
860 3700 1036 3763 secundum
1052 3699 1150 3763 fidem
1164 3700 1323 3784 cujusque
1338 3699 1385 3763 ibi
1398 3699 1526 3784 possint
1539 3697 1657 3764 redimi

452 3803 651 3867 diversarum
666 3800 880 3864 oliensionum
894 3798 1004 3863 debita
1019 3846 1029 3864 .

498 3900 712 3965 Concedimns
736 3898 838 3962 eciam
864 3896 1026 3981 pradictis
1056 3896 1179 3961 Abbati
1208 3903 1244 3962 et
1272 3896 1446 3961 Monacbis
1474 3895 1563 3981 quod
1591 3896 1656 3981 ipsi

452 3998 594 4063 babeant
620 3998 765 4060 francum
788 3995 931 4080 plegium
953 3996 988 4058 in
1010 3996 1161 4061 omnibus
1182 3994 1336 4060 dominiis
1362 3996 1430 4059 suis
1451 3996 1487 4059 in
1509 3995 1656 4059 custodia

453 4118 512 4161 sna
527 4147 535 4162 .
551 4103 582 4161 et
603 4096 810 4181 probibemus
833 4114 874 4158 ne
894 4094 1014 4178 aliquis
1040 4095 1081 4158 de
1100 4094 1162 4158 boc
1181 4114 1217 4158 sc
1238 4094 1437 4158 intromittat
1458 4094 1522 4157 nisi
1544 4094 1607 4177 ipsi
1622 4102 1656 4158 et

452 4196 567 4259 ballivi
579 4195 629 4258 sui
641 4244 649 4257 .
661 4202 693 4258 et
705 4194 911 4277 probibemus
923 4194 1021 4257 etiam
1031 4214 1072 4257 ne
1082 4192 1201 4277 aliquis
1213 4199 1387 4277 prasumat
1398 4213 1521 4257 emere.
1533 4192 1656 4276 absque

454 4315 566 4358 eorum
576 4291 711 4356 licencia
725 4291 758 4353 in
771 4292 919 4354 mercatis
934 4290 1002 4353 suis
1011 4291 1051 4355 de
1064 4290 1347 4355 bledeslramstedc
1358 4291 1440 4355 etde
1451 4290 1581 4357 Undalc
1592 4290 1655 4353 nisi

358 4464 361 4469 ,
455 4392 504 4456 illi
521 4392 578 4475 qni
589 4389 785 4454 ostenderint
803 4387 889 4472 qnod
901 4388 976 4451 inde
991 4387 1175 4453 libertatern
1187 4389 1330 4453 habeant
1341 4439 1348 4453 .
1360 4389 1440 4453 item
1452 4389 1655 4473 praeipimus

454 4499 494 4555 ut
515 4489 707 4576 praedictum
730 4488 960 4551 monasterium
985 4487 1103 4552 lrabeat
1128 4508 1241 4551 ornnes
1271 4487 1438 4552 libertates
1463 4496 1497 4554 et
1522 4506 1657 4552 consue·

454 4591 587 4655 tudines
601 4609 682 4672 quas
697 4588 781 4671 regia
795 4593 935 4670 potestas
946 4586 1112 4651 liberiores
1122 4585 1222 4651 alicui
1233 4587 1377 4651 ecclesia
1386 4586 1531 4651 conferre
1542 4592 1656 4670 latera

504 4781 753 4840 'fidemnon
826 4779 1002 4843 '8001an
1015 4780 1050 4832 tt.
1117 4781 1321 4845 ’Balmitoana
1334 4780 1369 4832 Κ.
1436 4781 1609 4846 ‘flottam
1622 4780 1659 4835 Κ.

453 4861 636 4922 ‘dremne
649 4858 683 4910 Κ.
786 4858 1000 4920 ‘tantuma
1013 4856 1048 4909 Κ.
