3936 5446
402 422 543 500 ronan
558 430 649 516 ⁶75·]
705 407 1306 509 samrsrosrmmarsoorsrsr.
1443 500 1447 509 ,
1564 430 1608 495 65

403 600 563 687 adaugeat
576 600 783 684 omnipotens
798 602 891 666 Deus
913 602 978 666 sibi
995 600 1175 687 longaevam
1195 603 1231 665 in
1244 601 1306 665 hoc
1319 598 1438 664 saeculo
1451 598 1554 663 sitam
1567 605 1604 666 et

404 705 479 783 post
492 699 592 764 finem
614 698 713 762 istius
726 699 804 762 vitae
823 698 967 763 coelestis
988 701 1080 785 regni
1091 699 1335 783 jocunditatem.
1379 696 1415 761 Si
1428 697 1503 780 quis
1516 717 1604 776 vero,

404 797 492 880 quod
509 819 575 862 non
600 804 751 881 optamus
772 796 896 879 ‚lurjus
918 798 1043 862 decreti
1063 797 1280 882 syngrapham
1302 794 1478 879 infringere
1499 802 1604 879 temp-

339 906 342 911 “
405 886 526 959 tai'erit
539 946 548 971 ,
562 905 621 959 aut
643 894 741 959 aliter
754 916 853 977 quam
875 916 895 958 a
917 896 1012 959 nobis
1030 904 1189 959 statutum
1208 904 1260 960 est
1279 900 1406 958 mutare
1427 891 1610 971 studuerit,

405 992 483 1055 sita
497 994 661 1058 consorcia
674 992 827 1057 aecclesiae
842 992 966 1057 Christi
988 1002 1023 1057 et
1045 1014 1064 1056 a
1085 993 1218 1077 collegio
1239 999 1426 1056 sanctorum
1445 990 1500 1055 bic
1520 990 1609 1055 etin
1671 947 1693 1028 7

406 1090 517 1154 futuro
531 1098 727 1175 segregatus,
740 1111 880 1174 parsque
896 1092 966 1172 ejus
982 1112 1057 1155 cum
1073 1093 1178 1155 araris
1198 1091 1433 1174 rapacibusque
1447 1097 1612 1173 ponatur,

407 1189 542 1272 ejusque
564 1189 719 1273 ligamine
744 1210 780 1253 se
809 1190 893 1252 sciat
919 1210 989 1253 esse
1015 1189 1225 1253 constrictum
1248 1189 1301 1253 cui
1324 1188 1474 1253 Christus
1501 1186 1611 1251 claves

407 1287 498 1370 regui
524 1288 667 1351 caelestis
690 1288 923 1351 commendans
948 1287 1004 1350 ait.
1049 1286 1137 1351 “Τιιι
1160 1309 1194 1352 es
1215 1288 1332 1352 Petrus
1352 1295 1388 1350 et
1407 1306 1506 1369 super
1526 1285 1613 1349 banc

407 1392 533 1466 petram
560 1385 727 1449 auiumuo
755 1386 936 1450 aeclesiam
963 1406 1069 1448 ineam
1095 1435 1104 1461 ,
1127 1394 1161 1449 et
1184 1385 1247 1449 tibi
1272 1385 1356 1449 (labo
1385 1383 1493 1448 claras
1520 1382 1613 1468 regni

408 1483 561 1546 carlomani
576 1492 610 1546 ct
624 1483 841 1566 ‹prodeunque
863 1483 1016 1565 ligaveris
1036 1502 1132 1566 super
1152 1488 1287 1547 terram!
1302 1482 1365 1547 crit
1378 1480 1515 1565 ligatum
1528 1491 1564 1546 et
1576 1480 1613 1544 in

408 1580 498 1643 omlis
513 1632 521 1655 ,
536 1588 571 1644 et
592 1582 808 1664 quodcunque
834 1580 969 1643 solveris
993 1600 1090 1662 super
1114 1586 1251 1644 terram!
1266 1580 1330 1644 en't
1351 1579 1495 1643 solutum
1518 1584 1554 1644 et
1576 1578 1615 1642 in

409 1677 525 1741 caelis?
570 1680 723 1762 Namque
744 1678 851 1741 adbuc
874 1698 933 1761 pro
948 1677 1098 1760 ampliori
1119 1678 1280 1742 firmitatis
1300 1682 1496 1742 testamento
1509 1675 1614 1740 omni·

408 1776 504 1839 modo
521 1778 728 1859 praecipimus
749 1785 848 1859 atque
867 1776 1086 1859 praecipiendo
1108 1797 1277 1841 monemus
1298 1783 1334 1841 et
1351 1777 1554 1841 obsocramus
1574 1781 1616 1839 ut

409 1888 540 1942 nurnoat
560 1880 626 1943 ista
645 1879 780 1943 donacio
795 1888 894 1961 atque
915 1878 1050 1943 libertas
1074 1879 1290 1943 insolubiliter
1309 1878 1352 1942 ab
1365 1877 1456 1941 omni
1468 1874 1616 1942 saeculari
1721 1872 1725 1876 ’

394 1978 568 2042 seruitute
582 1979 750 2042 exinanita
771 1986 806 2042 et
827 1978 1020 2041 inconcussa
1037 2028 1045 2053 ,
1060 1985 1098 2041 ut
1119 1978 1333 2060 praediximus
1348 2027 1357 2054 ,
1370 1996 1446 2040 cum
1465 1976 1617 2040 omnibus

410 2094 468 2157 per
488 2076 661 2140 circuitum
685 2076 728 2140 ad
743 2098 777 2141 sc
798 2076 860 2139 rite
878 2075 1120 2158 pertinentibus
1141 2075 1286 2140 scilicet.
1302 2074 1425 2157 campis
1439 2123 1448 2138 .
1462 2074 1614 2157 pascuis.
1633 2106 1640 2115 ·

410 2173 533 2256 pratis.
549 2175 643 2240 siluis
658 2227 666 2239 .
680 2175 775 2259 aquis
790 2225 797 2238 .
814 2175 939 2256 stagnis
954 2223 961 2236 .
977 2182 1012 2237 et
1027 2172 1157 2237 rivulis.
1180 2174 1306 2237 Idcirco
1316 2172 1416 2254 hujus
1430 2171 1615 2236 donationis

411 2279 446 2335 et
460 2273 714 2337 confimrationis
730 2273 989 2336 rnrniificentiarn
1001 2282 1070 2335 tam
1081 2272 1215 2336 sinnitcr
1235 2281 1270 2336 et
1291 2270 1501 2335 immobiliter
1513 2271 1617 2353 impe·

413 2391 524 2434 nimus
544 2372 709 2436 obseruari
731 2372 808 2455 quia
831 2392 890 2454 pro
920 2369 981 2434 boc
1005 2370 1048 2431 ab
1072 2371 1286 2453 omnipotenti
1316 2370 1447 2434 domiuo
1476 2368 1616 2432 coelestis

413 2470 503 2552 regni
518 2470 753 2535 beatitudinem
770 2490 938 2554 spommus
959 2470 1106 2550 accipere
1121 2468 1178 2533 illo
1198 2468 1353 2552 largiente
1368 2469 1422 2533 cui
1445 2476 1496 2532 est
1513 2466 1618 2531 bonor

413 2575 557 2651 potestas
571 2578 605 2633 et
620 2570 792 2652 imperium
807 2590 866 2652 per·
880 2568 1012 2630 intinita
1027 2566 1216 2631 aecmomm
1230 2567 1371 2632 secula.
1414 2568 1530 2632 Amen

406 2667 409 2671 ⁴
455 2672 541 2734 Acta
563 2681 614 2735 est
637 2672 710 2737 baro
733 2672 868 2755 praefata
891 2670 1027 2734 donatio
1052 2676 1087 2733 ct
1115 2669 1314 2734 coufimratio
1343 2690 1428 2733 anno
1450 2668 1620 2733 dominicae
1704 2754 1708 2759 ι

413 2768 646 2835 incarnationis
660 2821 669 2835 .
685 2787 748 2834 bec
763 2821 771 2833 .
787 2785 893 2833 xxm.

543 2903 613 2987 Ego
628 2900 863 2987 Fir'benualdus
874 2899 1012 2964 donator
1028 2919 1093 2962 una
1108 2919 1182 2964 cum
1193 2898 1422 2964 Erbenuualdo
1431 2898 1620 2983 subscripsi·

676 3023 773 3067 mus.
791 3004 856 3083 ᾧ.

545 3104 590 3168 Et
615 3112 654 3169 ut
676 3104 803 3168 firmius
820 3103 890 3167 baec
909 3102 1045 3167 donatio
1068 3108 1102 3166 et
1123 3102 1322 3167 confirmatio
1339 3102 1465 3169 stabilis
1486 3104 1577 3169 fieret
1600 3124 1623 3168 a

676 3207 817 3269 bifario
834 3206 920 3289 Rege
940 3205 1181 3268 Mero-ianorum
1200 3205 1268 3270 baec
1289 3205 1413 3269 cartula
1434 3206 1624 3271 confirmata

677 3314 747 3373 est.
778 3307 864 3370 Nam
887 3320 921 3371 et
945 3307 979 3368 iu
996 3307 1099 3371 altare
1114 3306 1223 3389 posuit
1237 3326 1371 3371 manum
1385 3328 1479 3371 suam
1493 3307 1529 3371 in
1543 3307 1624 3371 villa
1682 3372 1690 3385 ,

675 3429 749 3491 quac
762 3415 895 3471 uocatur
905 3406 1009 3468 Tarnu
1025 3415 1058 3469 ct
1074 3425 1173 3469 uranu
1189 3426 1246 3470 sua
1259 3407 1389 3490 propria
1403 3407 1623 3491 siguosanctae

675 3507 782 3571 cnrcis
797 3505 989 3587 subscripsit
1005 3554 1014 3567 .
1031 3507 1096 3586 '1¹-

546 3605 705 3670 Similiter
735 3604 933 3668 llumiridus
956 3604 1128 3686 episcopus
1161 3612 1291 3688 rogatus
1323 3604 1366 3670 ab
1393 3605 1623 3671 Erkeuuualdo
1727 3658 1731 3663 .

676 3725 777 3767 runnu
799 3703 928 3787 propria
944 3702 1158 3784 subscripsit.
1176 3705 1239 3785 ᾧ.

415 3869 463 3922 ῐΑ.]
472 3873 522 3914 218.
532 3873 600 3923 mo„
608 3873 717 3915 vitellius
725 3874 752 3915 Α.
763 3874 813 3921 xiii.
821 3874 840 3914 t.
849 3874 875 3913 22
884 3873 905 3914 δ.
1042 3871 1092 3922 10.]
1102 3872 1178 3925 Dazd.
1187 3873 1248 3918 lion.
1257 3874 1333 3928 Aaou.
1339 3875 1358 3925 i.
1365 3877 1417 3927 mg
1430 3874 1492 3919 hun
1500 3875 1547 3926 [kl

413 3936 916 3988 ts.11tenau.cu.nspi.‚sec0cuxmu;
927 3880 1023 3984 trini

414 4258 467 4322 40.
491 4256 596 4321 oran
610 4254 650 4338 by
665 4254 813 4329 Osrcruui,
824 4252 915 4334 Kiuy
928 4254 1074 4415 ‹jTKcut
1090 4262 1122 4317 to
1136 4255 1185 4318 {lic
1195 4255 1308 4319 Abbcas
1316 4256 1431 4337 AEbba,
1446 4260 1624 4342 asinariis

980 4354 1088 4417 brand.

461 4492 502 4572 ᾧ
524 4486 567 4553 In
583 4489 716 4555 nomine
730 4488 853 4553 domini
868 4488 972 4552 nostri
985 4487 1092 4552 Jlusu
1108 4487 1248 4553 Christi!

458 4588 527 4673 Ego
546 4588 727 4653 Ostrlsts
746 4609 804 4653 rex
827 4586 1078 4652 Cantuariomm
1100 4588 1220 4671 gratias
1244 4589 1347 4653 refero
1365 4590 1536 4659 miseranti
1553 4596 1625 4664 Deo

913 4711 924 4747 ¹
940 4713 1018 4764 mar.
1029 4714 1084 4777 xri,
1094 4714 1134 4765 lt

459 4810 533 4861 rob
547 4810 569 4861 l.
1471 4815 1493 4864 Ι
