3936 5446
291 411 353 461 un.
370 396 459 484 714]
587 416 803 466 rorsmrrox
824 417 866 467 or
887 416 1042 468 nrssnmr
1064 418 1182 471 inm.
1426 408 1496 477 195

290 590 348 653 ego
363 570 569 657 privilegium
583 572 671 637 idem
683 573 724 637 ad
738 573 845 639 locum
860 574 998 639 eundem
1009 576 1194 642 afferremus
1208 627 1216 643 .
1232 576 1367 646 Eadem
1380 586 1495 647 nutam

291 666 344 731 die
365 689 431 752 qua
453 670 533 737 illuc
555 672 762 755 pervenimus
787 672 932 736 omnium
954 682 1138 739 sanctorum
1160 683 1231 740 erat
1253 676 1437 757 tatinus,
1458 686 1496 746 ot

291 765 404 831 eadem
419 768 472 834 die
487 770 660 836 Wilsridus
682 772 851 857 episeopus
866 779 900 837 et
913 792 973 856 ego
988 772 1157 839 ecclesiam
1178 795 1278 858 qrrnrn
1291 774 1495 863 oon[s]trnx·

290 885 378 929 oram
393 868 464 932 Deo
485 878 519 934 et
542 877 662 934 sanctu
677 870 789 935 Murice
804 876 837 935 et
853 869 974 935 Christi
990 870 1101 937 clectis
1120 874 1272 940 omnibus
1290 876 1493 943 consecravi·

288 984 363 1028 mus
392 1016 401 1042 ,
427 973 461 1031 et
485 975 608 1033 cartam
633 1019 643 1034 .
669 986 766 1034 cxx.
792 990 977 1035 mansurum
999 976 1032 1035 et
1052 970 1117 1036 loci
1137 972 1322 1039 libertatern
1342 994 1416 1061 quoe
1435 974 1494 1041 hio

291 1065 476 1130 continetur
501 1088 599 1151 super
624 1067 728 1133 altare
753 1068 944 1153 posuimus,
962 1074 996 1133 et
1017 1068 1064 1133 sio
1085 1090 1194 1135 eoram
1216 1072 1368 1139 omnibus
1389 1072 1493 1139 locuti

263 1218 265 1223 .
290 1166 413 1233 suimus
425 1171 645 1235 1—“Domine
667 1172 759 1235 Deus
774 1222 782 1247 ‚
796 1172 854 1255 qui
868 1171 1007 1235 incuriis
1026 1172 1155 1237 habitas
1168 1180 1204 1238 et
1221 1176 1331 1240 omnia
1351 1176 1468 1243 ernusti
1482 1228 1495 1259 ‚

291 1285 443 1332 conserva
454 1269 548 1333 illum
563 1270 621 1353 qui
636 1269 745 1334 locum
760 1270 858 1333 istum
873 1270 1056 1353 pacificabit
1070 1278 1105 1335 et
1118 1274 1321 1351 conservabit
1334 1324 1345 1351 ‚
1357 1280 1392 1341 et
1405 1274 1493 1341 hunc

290 1363 353 1428 Dei
362 1366 573 1431 hereditatem
583 1380 615 1432 ct
628 1368 713 1432 hanc
722 1368 904 1433 libertatem
914 1369 1117 1432 confirmabit
1126 1370 1492 1453 quamDeoobtulimus.

290 1462 358 1526 Nos
374 1465 472 1529 etiam
487 1466 693 1550 precipimus
715 1467 750 1529 in
768 1466 833 1530 Dei
851 1466 1082 1549 omnipotentis
1102 1474 1136 1531 ct
1161 1468 1308 1533 omnium
1331 1469 1493 1535 siri-utum
1532 1506 1537 1513 ·

289 1562 469 1626 coelestium
486 1564 616 1627 nomine
629 1615 637 1638 ‚
652 1572 690 1627 ut
705 1585 808 1647 neque
824 1584 880 1627 rex
892 1615 901 1640 ‚
912 1584 1016 1647 neque
1028 1564 1177 1648 prinecps
1188 1586 1311 1650 ,neque
1325 1568 1494 1647 minister,
1516 1624 1520 1629 .

288 1685 347 1728 nec
372 1665 471 1729 ullius
498 1666 621 1730 ordinis
645 1666 741 1729 homo
756 1717 765 1742 ‚
780 1665 813 1729 id
839 1673 1014 1749 pnesunnt
1033 1673 1071 1729 ut·
1089 1666 1199 1730 locum
1220 1668 1321 1733 istum
1342 1676 1493 1735 sancium
1563 1660 1591 1735 .’

290 1761 470 1839 diminuat,
485 1771 544 1827 aut
564 1765 627 1828 sibi
646 1765 681 1826 in
704 1765 864 1847 privatam
886 1770 1081 1847 potestatem
1099 1763 1224 1849 aliquid
1247 1766 1397 1831 vendicet
1406 1806 1420 1845 ·‚
1433 1766 1493 1839 sed

289 1862 333 1924 sit
347 1861 437 1926 locus
451 1862 505 1926 hic
521 1914 530 1940 ,
544 1869 582 1926 ut
596 1884 656 1925 nos
668 1871 817 1945 optamus
833 1913 841 1938 ,
854 1862 1004 1945 gregibus
1018 1867 1053 1925 et
1066 1862 1131 1926 Dei
1144 1863 1328 1945 pstortbus
1345 1864 1494 1949 ejusdem

289 1957 352 2022 loci
367 1960 402 2022 in
418 1980 513 2023 usum
526 2010 534 2036 ,
545 1970 579 2024 et
593 1961 677 2024 hene
693 1960 867 2043 dispositus
881 1960 917 2023 in
932 1966 1092 2041 potestate
1106 1962 1229 2044 proprii
1243 1962 1370 2027 abbatis
1380 1982 1496 2029 secun·

289 2057 366 2120 dum
382 2057 525 2140 regulam
541 2058 604 2122 Dei
620 2072 655 2121 et
669 2058 757 2122 beati
772 2056 962 2122 Benedicti.
976 2056 1010 2119 Si
1025 2064 1135 2121 autern
1150 2056 1269 2143 aliquis
1279 2058 1379 2144 (quod
1391 2058 1495 2143 absit)
1557 2064 1560 2069 '

290 2157 434 2233 avaritiae
461 2157 577 2239 spiritu
605 2165 754 2238 arreptus
778 2164 903 2219 vertere
927 2156 1008 2220 velit
1025 2206 1034 2233 ,
1049 2156 1216 2238 judicetur
1244 2166 1321 2223 ante
1348 2158 1497 2225 tribunal
1590 2188 1606 2253 ᾗ

290 2256 353 2319 Dei
365 2307 374 2332 ‚
386 2266 418 2319 et
434 2276 602 2339 nunquam
617 2256 652 2317 in
669 2253 791 2318 Christi
802 2253 912 2318 rcrriat
928 2254 1116 2318 memoriam
1127 2304 1136 2330 ‚
1146 2254 1205 2319 sed
1219 2276 1338 2321 nomen
1352 2256 1423 2340 ejus
1436 2254 1503 2323 d0-'

288 2353 395 2419 icatur
409 2356 444 2418 in
459 2375 564 2419 aerrrm
580 2353 620 2417 de
636 2353 719 2417 libro
731 2352 912 2416 sitentium
924 2402 932 2428 ,
943 2361 976 2417 ct
985 2352 1104 2437 ligetur
1118 2360 1312 2417 aeternarum
1325 2374 1496 2439 poenmum

289 2453 382 2517 nodis
397 2453 432 2516 in
448 2454 574 2517 inferno
585 2453 667 2527 ,nisi
682 2452 718 2515 in
732 2451 793 2515 hae
803 2451 869 2514 rita
881 2451 1048 2535 ,penitens
1062 2450 1214 2516 emendet
1227 2502 1236 2517 .
1251 2452 1287 2517 Si
1300 2454 1375 2537 quis
1384 2460 1501 2519 autem·

290 2552 349 2616 has
367 2573 417 2617 res
439 2554 521 2616 bene
537 2572 733 2616 consensuro
756 2549 894 2635 volucrit
909 2599 917 2625 ,
932 2549 1082 2613 dominus
1103 2550 1195 2614 Deus
1209 2558 1244 2615 et
1257 2570 1369 2617 omnes
1390 2550 1499 2617 meti

290 2652 360 2733 ejus
373 2657 565 2716 conservent-
579 2671 655 2714 eum
667 2702 676 2729 ‚
686 2655 719 2714 ct
733 2648 898 2713 hutilicent
912 2649 1053 2715 animam
1068 2648 1139 2731 ejus
1149 2648 1185 2712 in
1196 2654 1282 2713 tenu
1292 2648 1497 2727 viventium,

291 2754 324 2812 et
339 2749 418 2813 dent
432 2757 584 2813 aternam
601 2747 782 2811 mercedem
797 2747 831 2809 in
846 2745 907 2809 hac
923 2746 992 2809 rita
1007 2746 1088 2810 etin
1105 2745 1257 2811 tuturu’*

335 2852 390 2914 Hu
390 2853 445 2934 jus
456 2850 617 2934 privilegii
628 2850 801 2932 descriptio
812 2848 931 2931 scripta
945 2849 1006 2912 tuit
1023 2848 1064 2911 ab
1080 2848 1307 2915 lucarnationc
1318 2850 1520 2931 Dominicnt,

291 2966 537 3028 arnro,1)ccxn'
554 2999 562 3016 .
581 2948 700 3012 horum
729 2947 915 3011 testimonio
940 2968 1078 3029 quorum
1103 2948 1235 3011 nomina
1261 2947 1347 3012 infru
1375 2948 1497 3033 scripto
1556 2974 1564 2989 ·

290 3051 444 3113 videntur
459 3101 467 3126 ,
482 3056 556 3132 post
570 3067 707 3132 parrum
724 3053 852 3128 tempus
870 3044 1071 3129 migrationis
1092 3043 1180 3108 beati
1195 3044 1351 3109 Gutlrlnci
1371 3045 1412 3111 de
1432 3044 1497 3111 hoe

292 3148 419 3214 saeculo.

421 3285 489 3367 Ego
504 3280 679 3347 Kcrrredus
694 3331 702 3356 ,
717 3301 773 3344 rex
789 3279 851 3343 Dei
872 3277 955 3342 dono
976 3277 1196 3353 liciniorum,
1210 3275 1394 3341 renerando
1409 3274 1495 3361 epis·

553 3402 633 3464 copo
648 3380 783 3463 Eguino
797 3378 881 3443 hanc
896 3378 1056 3441 libertatis
1071 3375 1278 3439 donationem
1293 3374 1495 3453 concedens,

551 3479 637 3542 dono
659 3488 692 3542 et
709 3479 799 3561 siguo
814 3478 892 3561 agiae
908 3476 1011 3539 crucis
1027 3474 1149 3539 Christi
1162 3473 1298 3537 munio.

420 3582 488 3663 Ego
515 3579 586 3642 Oss'a
612 3628 621 3653 ,
646 3598 703 3639 rex
731 3576 946 3639 Orientalium
969 3573 1151 3657 Auglorum
1181 3624 1190 3649 ‚
1217 3571 1302 3637 hanc
1325 3570 1494 3656 prefatam

552 3680 759 3743 dormtionem
775 3680 808 3740 iu
824 3678 954 3741 nomine
969 3686 1087 3740 sancta·
1097 3684 1130 3739 et
1144 3673 1323 3739 individuae
1336 3672 1494 3739 trinitatis

552 3779 613 3841 suh
628 3778 733 3840 crucis
748 3777 852 3859 sigillo
867 3776 1010 3840 concessi
1025 3788 1058 3839 et
1073 3773 1264 3856 subscripsi.

419 3881 487 3963 Ego
519 3876 749 3959 Brrtlmahlus
778 3875 1036 3958 archiepiscopus
1067 3872 1152 3936 hanc
1188 3872 1393 3937 donatiouem
1428 3870 1492 3937 sub

551 3978 658 4061 sigillo
673 3988 791 4040 sancta
807 3978 910 4039 crucis
926 3976 1118 4039 confirmans
1133 3972 1331 4057 subscripsi.

332 4085 376 4147 Et
402 4079 499 4144 multi
525 4077 581 4139 alii
604 4075 769 4157 subreguli
791 4075 953 4156 ,episcopi
968 4122 979 4153 ‚
996 4073 1128 4137 abbates
1150 4088 1185 4135 et
1206 4070 1386 4157 presbpteri
1410 4068 1489 4135 sub-

290 4188 487 4271 scripserunt
503 4231 511 4257 ‚
526 4180 609 4243 sicut
626 4179 662 4240 in
677 4176 863 4240 authentico
878 4176 1039 4240 habetur.

285 4386 338 4437 [m]
347 4386 425 4426 aaa.
436 4382 458 4423 Ε
469 4381 546 4428 culon,
555 4378 597 4419 m.
609 4378 713 4427 literas,
723 4387 746 4427 p.
757 4378 789 4418 lt.
883 4374 889 4425 Ι
912 4373 985 4425 [Μὸ.)
996 4374 1109 4425 linens‘s
1118 4378 1187 4417 notu
1196 4372 1269 4415 «tun
1277 4372 1389 4423 notingi
1396 4370 1423 4412 in
1430 4366 1483 4413 ΙΙ.

643 4549 652 4581 ¹
673 4551 790 4609 Eundem,
802 4550 854 4597 MS.
953 4548 965 4579 '·'
981 4548 1086 4609 Furni-s,
1100 4546 1141 4598 Μ.

1546 2938 1563 2973 t
