<?xml version="1.0" encoding="UTF-8"?>
<!DOCTYPE html PUBLIC "-//W3C//DTD XHTML 1.0 Transitional//EN"
    "http://www.w3.org/TR/xhtml1/DTD/xhtml1-transitional.dtd">
<html xmlns="http://www.w3.org/1999/xhtml" xml:lang="en" lang="en">
 <head>
  <title>
</title>
<meta http-equiv="Content-Type" content="text/html;charset=utf-8" />
  <meta name='ocr-system' content='tesseract 3.04.00' />
  <meta name='ocr-capabilities' content='ocr_page ocr_carea ocr_par ocr_line ocrx_word'/>
</head>
<body>
  <div class='ocr_page' id='page_1' title='image "./cartulariumsaxo01bircgoog_0058.png"; bbox 0 0 3936 5446; ppageno 0'>
   <div class='ocr_carea' id='block_1_1' title="bbox 345 576 1616 678">
    <p class='ocr_par' dir='ltr' id='par_1_1' title="bbox 345 576 1616 678">
     <span class='ocr_line' id='line_1_1' title="bbox 345 576 1616 678; baseline 0.046 -56"><span class='ocrx_word' id='word_1_1' title='bbox 345 611 358 622; x_wconf 73' lang='grc'>.,</span> <span class='ocrx_word' id='word_1_2' title='bbox 378 613 392 625; x_wconf 87' lang='grc'>..</span> <span class='ocrx_word' id='word_1_3' title='bbox 418 576 440 648; x_wconf 81' lang='lat'>2</span> <span class='ocrx_word' id='word_1_4' title='bbox 796 607 949 658; x_wconf 72' lang='lat' dir='ltr'>ennarnn</span> <span class='ocrx_word' id='word_1_5' title='bbox 971 611 1012 659; x_wconf 81' lang='lat' dir='ltr'>ov</span> <span class='ocrx_word' id='word_1_6' title='bbox 1033 611 1079 659; x_wconf 88' lang='lat' dir='ltr'>sr.</span> <span class='ocrx_word' id='word_1_7' title='bbox 1095 609 1242 659; x_wconf 74' lang='lat' dir='ltr'>rarmcc</span> <span class='ocrx_word' id='word_1_8' title='bbox 1451 585 1526 678; x_wconf 60' lang='lat' dir='ltr'>[Mt</span> <span class='ocrx_word' id='word_1_9' title='bbox 1541 611 1616 678; x_wconf 67' lang='lat'>430</span> 
     </span>
    </p>
   </div>
   <div class='ocr_carea' id='block_1_2' title="bbox 366 754 1619 4495">
    <p class='ocr_par' dir='ltr' id='par_1_2' title="bbox 366 754 1619 4495">
     <span class='ocr_line' id='line_1_2' title="bbox 412 754 1615 852; baseline 0.01 -33"><span class='ocrx_word' id='word_1_10' title='bbox 412 754 518 841; x_wconf 70' lang='lat' dir='ltr'>¹ticam</span> <span class='ocrx_word' id='word_1_11' title='bbox 533 759 579 824; x_wconf 89' lang='lat' dir='ltr'>ita</span> <span class='ocrx_word' id='word_1_12' title='bbox 594 760 783 828; x_wconf 86' lang='lat' dir='ltr'>duceremus</span> <span class='ocrx_word' id='word_1_13' title='bbox 793 765 891 847; x_wconf 81' lang='lat' dir='ltr'>juxta</span> <span class='ocrx_word' id='word_1_14' title='bbox 913 788 1058 831; x_wconf 86' lang='lat' dir='ltr'>nonnam</span> <span class='ocrx_word' id='word_1_15' title='bbox 1079 765 1292 852; x_wconf 69' lang='lat' dir='ltr'>pretiabilium</span> <span class='ocrx_word' id='word_1_16' title='bbox 1314 773 1452 848; x_wconf 86' lang='lat' dir='ltr'>patrum,</span> <span class='ocrx_word' id='word_1_17' title='bbox 1467 766 1615 833; x_wconf 88' lang='lat' dir='ltr'>osteade-</span> 
     </span>
     <span class='ocr_line' id='line_1_3' title="bbox 423 859 1618 949; baseline 0.01 -32"><span class='ocrx_word' id='word_1_18' title='bbox 423 863 502 919; x_wconf 89' lang='lat' dir='ltr'>runt</span> <span class='ocrx_word' id='word_1_19' title='bbox 516 859 597 922; x_wconf 91' lang='lat' dir='ltr'>mihi</span> <span class='ocrx_word' id='word_1_20' title='bbox 612 862 736 944; x_wconf 69' lang='lat' dir='ltr'>praelati</span> <span class='ocrx_word' id='word_1_21' title='bbox 752 862 866 928; x_wconf 84' lang='lat' dir='ltr'>iratres</span> <span class='ocrx_word' id='word_1_22' title='bbox 880 866 999 949; x_wconf 85' lang='lat' dir='ltr'>scripta</span> <span class='ocrx_word' id='word_1_23' title='bbox 1015 872 1196 928; x_wconf 87' lang='lat' dir='ltr'>sanctorum</span> <span class='ocrx_word' id='word_1_24' title='bbox 1213 863 1356 947; x_wconf 85' lang='lat' dir='ltr'>Phagani</span> <span class='ocrx_word' id='word_1_25' title='bbox 1371 872 1406 928; x_wconf 85' lang='lat' dir='ltr'>et</span> <span class='ocrx_word' id='word_1_26' title='bbox 1428 864 1618 941; x_wconf 78' lang='lat' dir='ltr'>Deruviani,</span> 
     </span>
     <span class='ocr_line' id='line_1_4' title="bbox 424 951 1619 1047; baseline 0.013 -33"><span class='ocrx_word' id='word_1_27' title='bbox 424 951 592 1038; x_wconf 88' lang='lat' dir='ltr'>inquibus</span> <span class='ocrx_word' id='word_1_28' title='bbox 615 959 848 1036; x_wconf 87' lang='lat' dir='ltr'>continebatur,</span> <span class='ocrx_word' id='word_1_29' title='bbox 863 963 949 1046; x_wconf 90' lang='lat' dir='ltr'>qnod</span> <span class='ocrx_word' id='word_1_30' title='bbox 972 963 1019 1025; x_wconf 77' lang='lat' dir='ltr'>,vii</span> <span class='ocrx_word' id='word_1_31' title='bbox 1038 962 1187 1047; x_wconf 78' lang='lat' dir='ltr'>disciptdi</span> <span class='ocrx_word' id='word_1_32' title='bbox 1209 970 1393 1026; x_wconf 89' lang='lat' dir='ltr'>sauctorum</span> <span class='ocrx_word' id='word_1_33' title='bbox 1418 961 1561 1047; x_wconf 85' lang='lat' dir='ltr'>Philippi</span> <span class='ocrx_word' id='word_1_34' title='bbox 1583 971 1619 1029; x_wconf 85' lang='lat' dir='ltr'>et</span> 
     </span>
     <span class='ocr_line' id='line_1_5' title="bbox 423 1051 1616 1146; baseline 0.011 -32"><span class='ocrx_word' id='word_1_35' title='bbox 423 1051 540 1118; x_wconf 75' lang='lat' dir='ltr'>lucebi</span> <span class='ocrx_word' id='word_1_36' title='bbox 569 1056 673 1140; x_wconf 81' lang='lat' dir='ltr'>ipsam</span> <span class='ocrx_word' id='word_1_37' title='bbox 698 1068 858 1123; x_wconf 89' lang='lat' dir='ltr'>vetustam</span> <span class='ocrx_word' id='word_1_38' title='bbox 883 1060 1050 1125; x_wconf 77' lang='lat' dir='ltr'>ecclesiam</span> <span class='ocrx_word' id='word_1_39' title='bbox 1070 1068 1318 1125; x_wconf 81' lang='lat' dir='ltr'>construxerant</span> <span class='ocrx_word' id='word_1_40' title='bbox 1340 1061 1373 1124; x_wconf 93' lang='lat' dir='ltr'>in</span> <span class='ocrx_word' id='word_1_41' title='bbox 1394 1059 1515 1126; x_wconf 89' lang='lat' dir='ltr'>honore</span> <span class='ocrx_word' id='word_1_42' title='bbox 1534 1081 1616 1146; x_wconf 76' lang='lat' dir='ltr'>pras-</span> 
     </span>
     <span class='ocr_line' id='line_1_6' title="bbox 425 1147 1615 1244; baseline 0.013 -34"><span class='ocrx_word' id='word_1_43' title='bbox 425 1147 534 1216; x_wconf 84' lang='lat' dir='ltr'>libatre</span> <span class='ocrx_word' id='word_1_44' title='bbox 559 1153 771 1220; x_wconf 71' lang='lat' dir='ltr'><strong>advocatricis</strong></span> <span class='ocrx_word' id='word_1_45' title='bbox 796 1169 913 1222; x_wconf 70' lang='lat' dir='ltr'>nostrie</span> <span class='ocrx_word' id='word_1_46' title='bbox 939 1179 997 1242; x_wconf 87' lang='lat' dir='ltr'>por</span> <span class='ocrx_word' id='word_1_47' title='bbox 1018 1159 1308 1223; x_wconf 79' lang='lat' dir='ltr'>doctrinamentum</span> <span class='ocrx_word' id='word_1_48' title='bbox 1330 1159 1416 1223; x_wconf 90' lang='lat' dir='ltr'>beati</span> <span class='ocrx_word' id='word_1_49' title='bbox 1431 1159 1615 1244; x_wconf 70' lang='lat' dir='ltr'><strong>archangeli</strong></span> 
     </span>
     <span class='ocr_line' id='line_1_7' title="bbox 422 1247 1615 1337; baseline 0.012 -28"><span class='ocrx_word' id='word_1_50' title='bbox 422 1247 594 1326; x_wconf 86' lang='lat' dir='ltr'>Gabrielis,</span> <span class='ocrx_word' id='word_1_51' title='bbox 609 1252 786 1336; x_wconf 82' lang='lat' dir='ltr'>insaporet</span> <span class='ocrx_word' id='word_1_52' title='bbox 802 1255 889 1337; x_wconf 77' lang='lat' dir='ltr'>quod</span> <span class='ocrx_word' id='word_1_53' title='bbox 904 1257 920 1319; x_wconf 89' lang='grc' dir='ltr'>Ι</span> <span class='ocrx_word' id='word_1_54' title='bbox 925 1257 1064 1321; x_wconf 81' lang='lat' dir='ltr'>lominus</span> <span class='ocrx_word' id='word_1_55' title='bbox 1078 1256 1222 1321; x_wconf 89' lang='lat' dir='ltr'>eamdem</span> <span class='ocrx_word' id='word_1_56' title='bbox 1238 1256 1416 1322; x_wconf 79' lang='lat' dir='ltr'>ecclesiam¹</span> <span class='ocrx_word' id='word_1_57' title='bbox 1432 1256 1560 1323; x_wconf 76' lang='lat' dir='ltr'>melitus</span> <span class='ocrx_word' id='word_1_58' title='bbox 1580 1259 1615 1323; x_wconf 87' lang='lat' dir='ltr'>in</span> 
     </span>
     <span class='ocr_line' id='line_1_8' title="bbox 422 1343 1615 1440; baseline 0.013 -34"><span class='ocrx_word' id='word_1_59' title='bbox 422 1343 543 1412; x_wconf 90' lang='lat' dir='ltr'>honore</span> <span class='ocrx_word' id='word_1_60' title='bbox 558 1370 623 1414; x_wconf 84' lang='lat' dir='ltr'>sna·</span> <span class='ocrx_word' id='word_1_61' title='bbox 639 1352 750 1416; x_wconf 88' lang='lat' dir='ltr'>matris</span> <span class='ocrx_word' id='word_1_62' title='bbox 765 1352 980 1430; x_wconf 75' lang='lat' dir='ltr'>dedicaverat,</span> <span class='ocrx_word' id='word_1_63' title='bbox 994 1362 1027 1419; x_wconf 88' lang='lat' dir='ltr'>et</span> <span class='ocrx_word' id='word_1_64' title='bbox 1044 1355 1130 1439; x_wconf 85' lang='lat' dir='ltr'>qnod</span> <span class='ocrx_word' id='word_1_65' title='bbox 1146 1363 1210 1419; x_wconf 88' lang='lat' dir='ltr'>tres</span> <span class='ocrx_word' id='word_1_66' title='bbox 1225 1376 1314 1440; x_wconf 86' lang='lat' dir='ltr'>reges</span> <span class='ocrx_word' id='word_1_67' title='bbox 1333 1356 1450 1439; x_wconf 87' lang='lat' dir='ltr'>pagani</span> <span class='ocrx_word' id='word_1_68' title='bbox 1470 1356 1548 1439; x_wconf 73' lang='lat' dir='ltr'>ipsis</span> <span class='ocrx_word' id='word_1_69' title='bbox 1569 1358 1615 1421; x_wconf 79' lang='lat' dir='ltr'>xii</span> 
     </span>
     <span class='ocr_line' id='line_1_9' title="bbox 421 1442 1616 1537; baseline 0.012 -32"><span class='ocrx_word' id='word_1_70' title='bbox 421 1442 461 1505; x_wconf 94' lang='lat' dir='ltr'>ad</span> <span class='ocrx_word' id='word_1_71' title='bbox 478 1467 589 1510; x_wconf 80' lang='lat' dir='ltr'>eorum</span> <span class='ocrx_word' id='word_1_72' title='bbox 613 1459 890 1515; x_wconf 75' lang='lat' dir='ltr'>sustenementum</span> <span class='ocrx_word' id='word_1_73' title='bbox 914 1453 960 1516; x_wconf 81' lang='lat' dir='ltr'>nii</span> <span class='ocrx_word' id='word_1_74' title='bbox 982 1454 1144 1537; x_wconf 75' lang='lat' dir='ltr'>portiones</span> <span class='ocrx_word' id='word_1_75' title='bbox 1166 1461 1258 1517; x_wconf 74' lang='lat' dir='ltr'>terrie</span> <span class='ocrx_word' id='word_1_76' title='bbox 1281 1453 1436 1518; x_wconf 79' lang='lat' dir='ltr'>dederint.</span> <span class='ocrx_word' id='word_1_77' title='bbox 1481 1454 1616 1519; x_wconf 72' lang='lat' dir='ltr'>liecuoa</span> 
     </span>
     <span class='ocr_line' id='line_1_10' title="bbox 420 1541 1615 1636; baseline 0.012 -33"><span class='ocrx_word' id='word_1_78' title='bbox 420 1549 455 1604; x_wconf 84' lang='lat' dir='ltr'>et</span> <span class='ocrx_word' id='word_1_79' title='bbox 471 1541 505 1606; x_wconf 90' lang='lat' dir='ltr'>in</span> <span class='ocrx_word' id='word_1_80' title='bbox 520 1547 650 1630; x_wconf 87' lang='lat' dir='ltr'>seriptis</span> <span class='ocrx_word' id='word_1_81' title='bbox 665 1550 896 1615; x_wconf 67' lang='lat' dir='ltr'>reveritioribus</span> <span class='ocrx_word' id='word_1_82' title='bbox 912 1551 1030 1627; x_wconf 91' lang='lat' dir='ltr'>inveni,</span> <span class='ocrx_word' id='word_1_83' title='bbox 1045 1551 1130 1635; x_wconf 91' lang='lat' dir='ltr'>quod</span> <span class='ocrx_word' id='word_1_84' title='bbox 1147 1551 1249 1614; x_wconf 74' lang='lat' dir='ltr'>stricti</span> <span class='ocrx_word' id='word_1_85' title='bbox 1268 1551 1438 1636; x_wconf 87' lang='lat' dir='ltr'>l’hagauus</span> <span class='ocrx_word' id='word_1_86' title='bbox 1458 1561 1492 1616; x_wconf 86' lang='lat' dir='ltr'>et</span> <span class='ocrx_word' id='word_1_87' title='bbox 1512 1552 1615 1617; x_wconf 87' lang='lat' dir='ltr'>Deru·</span> 
     </span>
     <span class='ocr_line' id='line_1_11' title="bbox 423 1639 1612 1734; baseline 0.013 -33"><span class='ocrx_word' id='word_1_88' title='bbox 423 1639 541 1706; x_wconf 75' lang='lat' dir='ltr'>viamus</span> <span class='ocrx_word' id='word_1_89' title='bbox 556 1647 725 1728; x_wconf 80' lang='lat' dir='ltr'>perquisiti</span> <span class='ocrx_word' id='word_1_90' title='bbox 741 1659 832 1712; x_wconf 90' lang='lat' dir='ltr'>erant</span> <span class='ocrx_word' id='word_1_91' title='bbox 847 1649 889 1713; x_wconf 89' lang='lat' dir='ltr'>ab</span> <span class='ocrx_word' id='word_1_92' title='bbox 901 1649 1087 1714; x_wconf 81' lang='lat' dir='ltr'>Eleutherio</span> <span class='ocrx_word' id='word_1_93' title='bbox 1096 1670 1187 1734; x_wconf 79' lang='lat' dir='ltr'>pape,</span> <span class='ocrx_word' id='word_1_94' title='bbox 1196 1649 1252 1734; x_wconf 92' lang='lat' dir='ltr'>qui</span> <span class='ocrx_word' id='word_1_95' title='bbox 1268 1670 1321 1714; x_wconf 82' lang='lat' dir='ltr'>eos</span> <span class='ocrx_word' id='word_1_96' title='bbox 1336 1651 1477 1727; x_wconf 85' lang='lat' dir='ltr'>miserat,</span> <span class='ocrx_word' id='word_1_97' title='bbox 1487 1651 1612 1716; x_wconf 82' lang='lat' dir='ltr'>deocm¹</span> 
     </span>
     <span class='ocr_line' id='line_1_12' title="bbox 420 1743 1616 1833; baseline 0.012 -33"><span class='ocrx_word' id='word_1_98' title='bbox 420 1758 523 1833; x_wconf 89' lang='lat' dir='ltr'>annos</span> <span class='ocrx_word' id='word_1_99' title='bbox 532 1743 751 1829; x_wconf 83' lang='lat' dir='ltr'>imlulgontire.</span> <span class='ocrx_word' id='word_1_100' title='bbox 789 1747 832 1810; x_wconf 79' lang='lat' dir='ltr'>Et</span> <span class='ocrx_word' id='word_1_101' title='bbox 844 1769 902 1832; x_wconf 79' lang='lat' dir='ltr'>rgo</span> <span class='ocrx_word' id='word_1_102' title='bbox 914 1749 1012 1812; x_wconf 84' lang='lat' dir='ltr'>irater</span> <span class='ocrx_word' id='word_1_103' title='bbox 1024 1749 1202 1812; x_wconf 74' lang='lat' dir='ltr'>l&#39;arttlctts</span> <span class='ocrx_word' id='word_1_104' title='bbox 1216 1770 1235 1811; x_wconf 91' lang='lat' dir='ltr'>a</span> <span class='ocrx_word' id='word_1_105' title='bbox 1251 1747 1311 1831; x_wconf 76' lang='lat' dir='ltr'>pire</span> <span class='ocrx_word' id='word_1_106' title='bbox 1326 1748 1486 1813; x_wconf 84' lang='lat' dir='ltr'>memoria·</span> <span class='ocrx_word' id='word_1_107' title='bbox 1497 1749 1616 1815; x_wconf 82' lang='lat' dir='ltr'>Coeles·</span> 
     </span>
     <span class='ocr_line' id='line_1_13' title="bbox 422 1837 1617 1930; baseline 0.012 -31"><span class='ocrx_word' id='word_1_108' title='bbox 422 1837 493 1902; x_wconf 90' lang='lat' dir='ltr'>tina</span> <span class='ocrx_word' id='word_1_109' title='bbox 508 1859 592 1924; x_wconf 83' lang='lat' dir='ltr'>pape</span> <span class='ocrx_word' id='word_1_110' title='bbox 607 1841 775 1907; x_wconf 82' lang='lat' dir='ltr'>duodecim</span> <span class='ocrx_word' id='word_1_111' title='bbox 790 1865 892 1909; x_wconf 89' lang='lat' dir='ltr'>anuos</span> <span class='ocrx_word' id='word_1_112' title='bbox 908 1856 1051 1930; x_wconf 89' lang='lat' dir='ltr'>tempore</span> <span class='ocrx_word' id='word_1_113' title='bbox 1073 1867 1144 1910; x_wconf 77' lang='lat' dir='ltr'>nito</span> <span class='ocrx_word' id='word_1_114' title='bbox 1165 1847 1330 1929; x_wconf 68' lang='lat' dir='ltr'>ammsivi</span> <span class='ocrx_word' id='word_1_115' title='bbox 1376 1849 1453 1912; x_wconf 86' lang='lat' dir='ltr'>Post</span> <span class='ocrx_word' id='word_1_116' title='bbox 1475 1846 1617 1913; x_wconf 89' lang='lat' dir='ltr'>multum</span> 
     </span>
     <span class='ocr_line' id='line_1_14' title="bbox 424 1942 1615 2029; baseline 0.01 -30"><span class='ocrx_word' id='word_1_117' title='bbox 424 1954 499 2000; x_wconf 85' lang='lat' dir='ltr'>vero</span> <span class='ocrx_word' id='word_1_118' title='bbox 515 1942 669 2023; x_wconf 88' lang='lat' dir='ltr'>temporis</span> <span class='ocrx_word' id='word_1_119' title='bbox 683 1953 849 2026; x_wconf 82' lang='lat' dir='ltr'>assumpta</span> <span class='ocrx_word' id='word_1_120' title='bbox 864 1965 990 2008; x_wconf 89' lang='lat' dir='ltr'>mecmn</span> <span class='ocrx_word' id='word_1_121' title='bbox 1007 1944 1125 2009; x_wconf 82' lang='lat' dir='ltr'>ll&#39;ellin</span> <span class='ocrx_word' id='word_1_122' title='bbox 1138 1946 1297 2009; x_wconf 82' lang='lat' dir='ltr'>contmtre</span> <span class='ocrx_word' id='word_1_123' title='bbox 1313 1965 1383 2009; x_wconf 73' lang='lat' dir='ltr'>anteo</span> <span class='ocrx_word' id='word_1_124' title='bbox 1398 1966 1455 2029; x_wconf 90' lang='lat' dir='ltr'>per</span> <span class='ocrx_word' id='word_1_125' title='bbox 1475 1944 1615 2011; x_wconf 88' lang='lat' dir='ltr'>conden-</span> 
     </span>
     <span class='ocr_line' id='line_1_15' title="bbox 424 2033 1616 2126; baseline 0.011 -30"><span class='ocrx_word' id='word_1_126' title='bbox 424 2033 554 2101; x_wconf 88' lang='lat' dir='ltr'>sitatem</span> <span class='ocrx_word' id='word_1_127' title='bbox 570 2038 661 2103; x_wconf 81' lang='lat' dir='ltr'>sitne</span> <span class='ocrx_word' id='word_1_128' title='bbox 675 2060 750 2105; x_wconf 89' lang='lat' dir='ltr'>cum</span> <span class='ocrx_word' id='word_1_129' title='bbox 766 2062 882 2126; x_wconf 88' lang='lat' dir='ltr'>magua</span> <span class='ocrx_word' id='word_1_130' title='bbox 896 2041 1087 2108; x_wconf 81' lang='lat' dir='ltr'>difficultate</span> <span class='ocrx_word' id='word_1_131' title='bbox 1102 2042 1329 2108; x_wconf 86' lang='lat' dir='ltr'>concendimus</span> <span class='ocrx_word' id='word_1_132' title='bbox 1343 2043 1510 2109; x_wconf 80' lang='lat' dir='ltr'>eacumea⁸</span> <span class='ocrx_word' id='word_1_133' title='bbox 1525 2064 1616 2109; x_wconf 90' lang='lat' dir='ltr'>moa·</span> 
     </span>
     <span class='ocr_line' id='line_1_16' title="bbox 424 2131 1616 2226; baseline 0.01 -31"><span class='ocrx_word' id='word_1_134' title='bbox 424 2131 476 2207; x_wconf 82' lang='lat' dir='ltr'>tis,</span> <span class='ocrx_word' id='word_1_135' title='bbox 491 2136 548 2218; x_wconf 92' lang='lat' dir='ltr'>qui</span> <span class='ocrx_word' id='word_1_136' title='bbox 563 2138 685 2204; x_wconf 84' lang='lat' dir='ltr'>eminet</span> <span class='ocrx_word' id='word_1_137' title='bbox 700 2139 734 2202; x_wconf 89' lang='lat' dir='ltr'>in</span> <span class='ocrx_word' id='word_1_138' title='bbox 749 2139 862 2204; x_wconf 91' lang='lat' dir='ltr'>cadem</span> <span class='ocrx_word' id='word_1_139' title='bbox 877 2140 990 2204; x_wconf 80' lang='lat' dir='ltr'>insula</span> <span class='ocrx_word' id='word_1_140' title='bbox 1037 2143 1108 2219; x_wconf 87' lang='lat' dir='ltr'>Quo</span> <span class='ocrx_word' id='word_1_141' title='bbox 1122 2161 1196 2206; x_wconf 89' lang='lat' dir='ltr'>cunr</span> <span class='ocrx_word' id='word_1_142' title='bbox 1211 2141 1466 2224; x_wconf 78' lang='lat' dir='ltr'>pervenissemus</span> <span class='ocrx_word' id='word_1_143' title='bbox 1487 2144 1616 2226; x_wconf 87' lang='lat' dir='ltr'>operuit</span> 
     </span>
     <span class='ocr_line' id='line_1_17' title="bbox 423 2234 1616 2315; baseline 0.012 -22"><span class='ocrx_word' id='word_1_144' title='bbox 423 2234 599 2299; x_wconf 83' lang='lat' dir='ltr'>oratorium</span> <span class='ocrx_word' id='word_1_145' title='bbox 626 2257 728 2301; x_wconf 87' lang='lat' dir='ltr'>nuum</span> <span class='ocrx_word' id='word_1_146' title='bbox 755 2248 921 2303; x_wconf 90' lang='lat' dir='ltr'>vetustum</span> <span class='ocrx_word' id='word_1_147' title='bbox 939 2250 973 2303; x_wconf 89' lang='lat' dir='ltr'>et</span> <span class='ocrx_word' id='word_1_148' title='bbox 995 2240 1058 2303; x_wconf 84' lang='lat' dir='ltr'>lere</span> <span class='ocrx_word' id='word_1_149' title='bbox 1078 2239 1244 2315; x_wconf 77' lang='lat' dir='ltr'>dirutum‘,</span> <span class='ocrx_word' id='word_1_150' title='bbox 1264 2239 1369 2304; x_wconf 90' lang='lat' dir='ltr'>habile</span> <span class='ocrx_word' id='word_1_151' title='bbox 1390 2250 1498 2304; x_wconf 91' lang='lat' dir='ltr'>tamen</span> <span class='ocrx_word' id='word_1_152' title='bbox 1519 2240 1616 2307; x_wconf 89' lang='lat' dir='ltr'>devo·</span> 
     </span>
     <span class='ocr_line' id='line_1_18' title="bbox 424 2329 1614 2420; baseline 0.009 -26"><span class='ocrx_word' id='word_1_153' title='bbox 424 2329 507 2396; x_wconf 89' lang='lat' dir='ltr'>tioui</span> <span class='ocrx_word' id='word_1_154' title='bbox 531 2334 731 2411; x_wconf 78' lang='lat' dir='ltr'>Christianae,</span> <span class='ocrx_word' id='word_1_155' title='bbox 746 2347 788 2411; x_wconf 91' lang='lat' dir='ltr'>et,</span> <span class='ocrx_word' id='word_1_156' title='bbox 802 2347 897 2420; x_wconf 86' lang='lat' dir='ltr'>prout</span> <span class='ocrx_word' id='word_1_157' title='bbox 920 2338 1001 2402; x_wconf 92' lang='lat' dir='ltr'>mihi</span> <span class='ocrx_word' id='word_1_158' title='bbox 1018 2337 1194 2413; x_wconf 87' lang='lat' dir='ltr'>videbatur,</span> <span class='ocrx_word' id='word_1_159' title='bbox 1208 2359 1227 2401; x_wconf 90' lang='lat' dir='ltr'>a</span> <span class='ocrx_word' id='word_1_160' title='bbox 1242 2338 1312 2402; x_wconf 88' lang='lat' dir='ltr'>Deo</span> <span class='ocrx_word' id='word_1_161' title='bbox 1326 2338 1472 2404; x_wconf 83' lang='lat' dir='ltr'>electmn</span> <span class='ocrx_word' id='word_1_162' title='bbox 1519 2339 1614 2418; x_wconf 90' lang='lat' dir='ltr'>Quod</span> 
     </span>
     <span class='ocr_line' id='line_1_19' title="bbox 425 2434 1615 2520; baseline 0.008 -25"><span class='ocrx_word' id='word_1_163' title='bbox 425 2451 500 2495; x_wconf 91' lang='lat' dir='ltr'>enm</span> <span class='ocrx_word' id='word_1_164' title='bbox 524 2434 659 2519; x_wconf 85' lang='lat' dir='ltr'>ingressi</span> <span class='ocrx_word' id='word_1_165' title='bbox 680 2456 833 2512; x_wconf 72' lang='lat' dir='ltr'>esserum,</span> <span class='ocrx_word' id='word_1_166' title='bbox 854 2446 947 2501; x_wconf 90' lang='lat' dir='ltr'>tanta</span> <span class='ocrx_word' id='word_1_167' title='bbox 969 2437 1075 2501; x_wconf 88' lang='lat' dir='ltr'>odoris</span> <span class='ocrx_word' id='word_1_168' title='bbox 1096 2437 1255 2501; x_wconf 72' lang='lat' dir='ltr'>sumitate</span> <span class='ocrx_word' id='word_1_169' title='bbox 1276 2435 1486 2520; x_wconf 79' lang='lat' dir='ltr'>replebamur,</span> <span class='ocrx_word' id='word_1_170' title='bbox 1508 2439 1557 2503; x_wconf 92' lang='lat' dir='ltr'>uti</span> <span class='ocrx_word' id='word_1_171' title='bbox 1581 2440 1615 2505; x_wconf 91' lang='lat' dir='ltr'>iu</span> 
     </span>
     <span class='ocr_line' id='line_1_20' title="bbox 424 2531 1618 2619; baseline 0.008 -27"><span class='ocrx_word' id='word_1_172' title='bbox 424 2531 565 2614; x_wconf 79' lang='lat' dir='ltr'>paradisi</span> <span class='ocrx_word' id='word_1_173' title='bbox 595 2534 782 2599; x_wconf 68' lang='lat' dir='ltr'>antoninae</span> <span class='ocrx_word' id='word_1_174' title='bbox 812 2535 933 2618; x_wconf 86' lang='lat' dir='ltr'>positos</span> <span class='ocrx_word' id='word_1_175' title='bbox 956 2556 1014 2599; x_wconf 77' lang='lat' dir='ltr'>nm</span> <span class='ocrx_word' id='word_1_176' title='bbox 1036 2534 1243 2600; x_wconf 75' lang='lat' dir='ltr'>crederemus</span> <span class='ocrx_word' id='word_1_177' title='bbox 1287 2534 1497 2618; x_wconf 73' lang='lat' dir='ltr'>Egredientes</span> <span class='ocrx_word' id='word_1_178' title='bbox 1519 2536 1618 2619; x_wconf 79' lang='lat' dir='ltr'>igitur</span> 
     </span>
     <span class='ocr_line' id='line_1_21' title="bbox 424 2631 1617 2718; baseline 0.007 -25"><span class='ocrx_word' id='word_1_179' title='bbox 424 2639 457 2693; x_wconf 90' lang='lat' dir='ltr'>et</span> <span class='ocrx_word' id='word_1_180' title='bbox 480 2632 739 2715; x_wconf 79' lang='lat' dir='ltr'>reingredientes,</span> <span class='ocrx_word' id='word_1_181' title='bbox 763 2631 935 2718; x_wconf 88' lang='lat' dir='ltr'>locumque</span> <span class='ocrx_word' id='word_1_182' title='bbox 957 2634 1144 2718; x_wconf 87' lang='lat' dir='ltr'>diligentius</span> <span class='ocrx_word' id='word_1_183' title='bbox 1166 2643 1410 2717; x_wconf 76' lang='lat' dir='ltr'>perscrutantes,</span> <span class='ocrx_word' id='word_1_184' title='bbox 1431 2635 1617 2702; x_wconf 78' lang='lat' dir='ltr'>invenimus</span> 
     </span>
     <span class='ocr_line' id='line_1_22' title="bbox 423 2728 1617 2818; baseline 0.008 -29"><span class='ocrx_word' id='word_1_185' title='bbox 423 2728 576 2795; x_wconf 87' lang='lat' dir='ltr'>volumen</span> <span class='ocrx_word' id='word_1_186' title='bbox 600 2751 711 2805; x_wconf 71' lang='lat' dir='ltr'>muna,</span> <span class='ocrx_word' id='word_1_187' title='bbox 733 2730 768 2794; x_wconf 87' lang='lat' dir='ltr'>in</span> <span class='ocrx_word' id='word_1_188' title='bbox 790 2752 855 2815; x_wconf 91' lang='lat' dir='ltr'>quo</span> <span class='ocrx_word' id='word_1_189' title='bbox 879 2733 991 2815; x_wconf 86' lang='lat' dir='ltr'>scripti</span> <span class='ocrx_word' id='word_1_190' title='bbox 1014 2739 1104 2796; x_wconf 88' lang='lat' dir='ltr'>actus</span> <span class='ocrx_word' id='word_1_191' title='bbox 1126 2741 1217 2796; x_wconf 83' lang='lat' dir='ltr'>eraut</span> <span class='ocrx_word' id='word_1_192' title='bbox 1239 2731 1475 2816; x_wconf 69' lang='lat' dir='ltr'>Apostolorum,</span> <span class='ocrx_word' id='word_1_193' title='bbox 1497 2734 1617 2818; x_wconf 69' lang='lat' dir='ltr'>pariter</span> 
     </span>
     <span class='ocr_line' id='line_1_23' title="bbox 421 2829 1617 2915; baseline 0.004 -23"><span class='ocrx_word' id='word_1_194' title='bbox 421 2847 496 2892; x_wconf 86' lang='lat' dir='ltr'>curu</span> <span class='ocrx_word' id='word_1_195' title='bbox 519 2829 601 2893; x_wconf 86' lang='lat' dir='ltr'>actis</span> <span class='ocrx_word' id='word_1_196' title='bbox 623 2838 656 2893; x_wconf 90' lang='lat' dir='ltr'>et</span> <span class='ocrx_word' id='word_1_197' title='bbox 677 2830 777 2909; x_wconf 81' lang='lat' dir='ltr'>gestie</span> <span class='ocrx_word' id='word_1_198' title='bbox 799 2840 983 2899; x_wconf 88' lang='lat' dir='ltr'>sanctorum</span> <span class='ocrx_word' id='word_1_199' title='bbox 1007 2830 1148 2914; x_wconf 86' lang='lat' dir='ltr'>l&#39;hagaui</span> <span class='ocrx_word' id='word_1_200' title='bbox 1168 2839 1202 2893; x_wconf 87' lang='lat' dir='ltr'>et</span> <span class='ocrx_word' id='word_1_201' title='bbox 1224 2830 1416 2894; x_wconf 83' lang='lat' dir='ltr'>Deruviern⁵</span> <span class='ocrx_word' id='word_1_202' title='bbox 1437 2852 1477 2895; x_wconf 83' lang='lat' dir='ltr'>ex</span> <span class='ocrx_word' id='word_1_203' title='bbox 1501 2852 1617 2915; x_wconf 81' lang='lat' dir='ltr'>magna</span> 
     </span>
     <span class='ocr_line' id='line_1_24' title="bbox 426 2928 1617 3012; baseline 0.006 -23"><span class='ocrx_word' id='word_1_204' title='bbox 426 2937 518 3009; x_wconf 70' lang='lat' dir='ltr'>perte</span> <span class='ocrx_word' id='word_1_205' title='bbox 547 2938 785 3011; x_wconf 85' lang='lat' dir='ltr'>consumptura,</span> <span class='ocrx_word' id='word_1_206' title='bbox 812 2929 845 2992; x_wconf 93' lang='lat' dir='ltr'>iu</span> <span class='ocrx_word' id='word_1_207' title='bbox 876 2931 969 3012; x_wconf 89' lang='lat' dir='ltr'>cujus</span> <span class='ocrx_word' id='word_1_208' title='bbox 998 2940 1106 2993; x_wconf 88' lang='lat' dir='ltr'>tamea</span> <span class='ocrx_word' id='word_1_209' title='bbox 1138 2930 1200 2993; x_wconf 89' lang='lat' dir='ltr'>fine</span> <span class='ocrx_word' id='word_1_210' title='bbox 1230 2928 1404 2993; x_wconf 81' lang='lat' dir='ltr'>voluminis</span> <span class='ocrx_word' id='word_1_211' title='bbox 1432 2930 1617 2996; x_wconf 73' lang='lat' dir='ltr'>invenimus</span> 
     </span>
     <span class='ocr_line' id='line_1_25' title="bbox 422 3024 1617 3111; baseline 0.004 -22"><span class='ocrx_word' id='word_1_212' title='bbox 422 3024 626 3108; x_wconf 79' lang='lat' dir='ltr'>scripturmn,</span> <span class='ocrx_word' id='word_1_213' title='bbox 640 3047 713 3110; x_wconf 76' lang='lat' dir='ltr'>quae</span> <span class='ocrx_word' id='word_1_214' title='bbox 727 3027 855 3091; x_wconf 83' lang='lat' dir='ltr'>dicelut</span> <span class='ocrx_word' id='word_1_215' title='bbox 874 3028 961 3111; x_wconf 88' lang='lat' dir='ltr'>qnod</span> <span class='ocrx_word' id='word_1_216' title='bbox 982 3027 1125 3111; x_wconf 69' lang='lat' dir='ltr'>praedicti</span> <span class='ocrx_word' id='word_1_217' title='bbox 1145 3028 1247 3091; x_wconf 79' lang='lat' dir='ltr'>sancti</span> <span class='ocrx_word' id='word_1_218' title='bbox 1269 3028 1440 3111; x_wconf 82' lang='lat' dir='ltr'>l&#39;huganus</span> <span class='ocrx_word' id='word_1_219' title='bbox 1460 3040 1493 3094; x_wconf 83' lang='lat' dir='ltr'>et</span> <span class='ocrx_word' id='word_1_220' title='bbox 1514 3028 1617 3094; x_wconf 83' lang='lat' dir='ltr'>Deru·</span> 
     </span>
     <span class='ocr_line' id='line_1_26' title="bbox 423 3123 1616 3208; baseline 0.005 -22"><span class='ocrx_word' id='word_1_221' title='bbox 423 3123 539 3189; x_wconf 83' lang='lat' dir='ltr'>vienus</span> <span class='ocrx_word' id='word_1_222' title='bbox 561 3144 618 3208; x_wconf 90' lang='lat' dir='ltr'>per</span> <span class='ocrx_word' id='word_1_223' title='bbox 640 3124 868 3189; x_wconf 86' lang='lat' dir='ltr'>revelationem</span> <span class='ocrx_word' id='word_1_224' title='bbox 896 3125 1024 3190; x_wconf 88' lang='lat' dir='ltr'>Domini</span> <span class='ocrx_word' id='word_1_225' title='bbox 1047 3125 1147 3189; x_wconf 86' lang='lat' dir='ltr'>nostri</span> <span class='ocrx_word' id='word_1_226' title='bbox 1169 3125 1272 3189; x_wconf 81' lang='lat' dir='ltr'>dhesn</span> <span class='ocrx_word' id='word_1_227' title='bbox 1296 3125 1416 3190; x_wconf 76' lang='lat' dir='ltr'>Christi</span> <span class='ocrx_word' id='word_1_228' title='bbox 1440 3126 1524 3192; x_wconf 88' lang='lat' dir='ltr'>idern</span> <span class='ocrx_word' id='word_1_229' title='bbox 1546 3148 1616 3192; x_wconf 87' lang='lat' dir='ltr'>ara·</span> 
     </span>
     <span class='ocr_line' id='line_1_27' title="bbox 420 3223 1618 3310; baseline 0.004 -23"><span class='ocrx_word' id='word_1_230' title='bbox 420 3223 541 3287; x_wconf 87' lang='lat' dir='ltr'>tarium</span> <span class='ocrx_word' id='word_1_231' title='bbox 556 3223 756 3287; x_wconf 70' lang='lat' dir='ltr'>realificarunt</span> <span class='ocrx_word' id='word_1_232' title='bbox 772 3225 804 3286; x_wconf 91' lang='lat' dir='ltr'>in</span> <span class='ocrx_word' id='word_1_233' title='bbox 821 3224 940 3288; x_wconf 82' lang='lat' dir='ltr'>horrore</span> <span class='ocrx_word' id='word_1_234' title='bbox 955 3225 1058 3288; x_wconf 89' lang='lat' dir='ltr'>sancti</span> <span class='ocrx_word' id='word_1_235' title='bbox 1075 3223 1243 3288; x_wconf 78' lang='lat' dir='ltr'>Michaelis</span> <span class='ocrx_word' id='word_1_236' title='bbox 1255 3223 1445 3309; x_wconf 77' lang='lat' dir='ltr'>archangeli,</span> <span class='ocrx_word' id='word_1_237' title='bbox 1456 3236 1618 3310; x_wconf 85' lang='lat' dir='ltr'>qnatenus</span> 
     </span>
     <span class='ocr_line' id='line_1_28' title="bbox 424 3320 1617 3408; baseline 0.004 -23"><span class='ocrx_word' id='word_1_238' title='bbox 424 3321 471 3385; x_wconf 91' lang='lat' dir='ltr'>ibi</span> <span class='ocrx_word' id='word_1_239' title='bbox 501 3320 543 3384; x_wconf 92' lang='lat' dir='ltr'>ab</span> <span class='ocrx_word' id='word_1_240' title='bbox 572 3320 756 3385; x_wconf 87' lang='lat' dir='ltr'>hominibus</span> <span class='ocrx_word' id='word_1_241' title='bbox 787 3321 918 3387; x_wconf 82' lang='lat' dir='ltr'>haberet</span> <span class='ocrx_word' id='word_1_242' title='bbox 947 3323 1108 3397; x_wconf 85' lang='lat' dir='ltr'>bonorem,</span> <span class='ocrx_word' id='word_1_243' title='bbox 1130 3323 1186 3406; x_wconf 85' lang='lat' dir='ltr'>qui</span> <span class='ocrx_word' id='word_1_244' title='bbox 1216 3321 1361 3387; x_wconf 84' lang='lat' dir='ltr'>hommes</span> <span class='ocrx_word' id='word_1_245' title='bbox 1386 3324 1420 3386; x_wconf 92' lang='lat' dir='ltr'>in</span> <span class='ocrx_word' id='word_1_246' title='bbox 1445 3332 1617 3408; x_wconf 68' lang='lat' dir='ltr'>perpetuos</span> 
     </span>
     <span class='ocr_line' id='line_1_29' title="bbox 422 3418 1617 3502; baseline 0.004 -18"><span class='ocrx_word' id='word_1_247' title='bbox 422 3418 569 3494; x_wconf 88' lang='lat' dir='ltr'>honores,</span> <span class='ocrx_word' id='word_1_248' title='bbox 587 3421 721 3502; x_wconf 87' lang='lat' dir='ltr'>jubente</span> <span class='ocrx_word' id='word_1_249' title='bbox 743 3420 822 3496; x_wconf 79' lang='lat' dir='ltr'>Deo,</span> <span class='ocrx_word' id='word_1_250' title='bbox 841 3433 890 3486; x_wconf 85' lang='lat' dir='ltr'>est</span> <span class='ocrx_word' id='word_1_251' title='bbox 911 3422 1159 3487; x_wconf 81' lang='lat' dir='ltr'>introducturus.</span> <span class='ocrx_word' id='word_1_252' title='bbox 1203 3423 1250 3484; x_wconf 81' lang='lat' dir='ltr'>At</span> <span class='ocrx_word' id='word_1_253' title='bbox 1269 3442 1342 3486; x_wconf 89' lang='lat' dir='ltr'>cum</span> <span class='ocrx_word' id='word_1_254' title='bbox 1364 3420 1538 3489; x_wconf 79' lang='lat' dir='ltr'>delectaret</span> <span class='ocrx_word' id='word_1_255' title='bbox 1558 3444 1617 3489; x_wconf 82' lang='lat' dir='ltr'>nos</span> 
     </span>
     <span class='ocr_line' id='line_1_30' title="bbox 421 3518 1615 3604; baseline 0.003 -22"><span class='ocrx_word' id='word_1_256' title='bbox 421 3518 480 3583; x_wconf 90' lang='lat' dir='ltr'>illa</span> <span class='ocrx_word' id='word_1_257' title='bbox 509 3519 677 3602; x_wconf 78' lang='lat' dir='ltr'>scripture,</span> <span class='ocrx_word' id='word_1_258' title='bbox 702 3519 886 3584; x_wconf 78' lang='lat' dir='ltr'>nitebamur</span> <span class='ocrx_word' id='word_1_259' title='bbox 914 3543 984 3585; x_wconf 88' lang='lat' dir='ltr'>eam</span> <span class='ocrx_word' id='word_1_260' title='bbox 1015 3520 1055 3583; x_wconf 90' lang='lat' dir='ltr'>ad</span> <span class='ocrx_word' id='word_1_261' title='bbox 1086 3522 1181 3584; x_wconf 78' lang='lat' dir='ltr'>summ</span> <span class='ocrx_word' id='word_1_262' title='bbox 1208 3519 1320 3604; x_wconf 84' lang='lat' dir='ltr'>legere</span> <span class='ocrx_word' id='word_1_263' title='bbox 1366 3520 1503 3585; x_wconf 77' lang='lat' dir='ltr'>Dieebm</span> <span class='ocrx_word' id='word_1_264' title='bbox 1527 3522 1615 3586; x_wconf 82' lang='lat' dir='ltr'>auhn</span> 
     </span>
     <span class='ocr_line' id='line_1_31' title="bbox 420 3616 1616 3702; baseline 0.002 -20"><span class='ocrx_word' id='word_1_265' title='bbox 420 3616 534 3682; x_wconf 83' lang='lat' dir='ltr'>cedern</span> <span class='ocrx_word' id='word_1_266' title='bbox 550 3619 719 3702; x_wconf 71' lang='lat' dir='ltr'>scripvtma,</span> <span class='ocrx_word' id='word_1_267' title='bbox 733 3618 819 3700; x_wconf 73' lang='lat' dir='ltr'>qnid</span> <span class='ocrx_word' id='word_1_268' title='bbox 835 3619 1008 3682; x_wconf 86' lang='lat' dir='ltr'>venerandi</span> <span class='ocrx_word' id='word_1_269' title='bbox 1028 3619 1194 3698; x_wconf 80' lang='lat' dir='ltr'>l&#39;lniganus</span> <span class='ocrx_word' id='word_1_270' title='bbox 1215 3631 1248 3681; x_wconf 86' lang='lat' dir='ltr'>et</span> <span class='ocrx_word' id='word_1_271' title='bbox 1269 3619 1473 3684; x_wconf 82' lang='lat' dir='ltr'>Deruviaaus</span> <span class='ocrx_word' id='word_1_272' title='bbox 1494 3640 1616 3684; x_wconf 82' lang='lat' dir='ltr'>anorum</span> 
     </span>
     <span class='ocr_line' id='line_1_32' title="bbox 389 3716 1616 3801; baseline 0.002 -21"><span class='ocrx_word' id='word_1_273' title='bbox 389 3752 394 3761; x_wconf 96' lang='lat'>·</span> <span class='ocrx_word' id='word_1_274' title='bbox 421 3716 467 3780; x_wconf 88' lang='lat' dir='ltr'>ibi</span> <span class='ocrx_word' id='word_1_275' title='bbox 491 3717 637 3781; x_wconf 77' lang='lat' dir='ltr'>iecerunt</span> <span class='ocrx_word' id='word_1_276' title='bbox 662 3717 1150 3801; x_wconf 56' lang='lat' dir='ltr'>praetermeantem</span> <span class='ocrx_word' id='word_1_277' title='bbox 1174 3718 1235 3800; x_wconf 83' lang='lat' dir='ltr'>ipsi</span> <span class='ocrx_word' id='word_1_278' title='bbox 1259 3717 1357 3781; x_wconf 82' lang='lat' dir='ltr'>etiem</span> <span class='ocrx_word' id='word_1_279' title='bbox 1381 3719 1616 3801; x_wconf 68' lang='lat' dir='ltr'>pieaprisierent</span> 
     </span>
     <span class='ocr_line' id='line_1_33' title="bbox 423 3815 1614 3901; baseline 0.003 -22"><span class='ocrx_word' id='word_1_280' title='bbox 423 3816 557 3899; x_wconf 89' lang='lat' dir='ltr'>triginta</span> <span class='ocrx_word' id='word_1_281' title='bbox 572 3836 729 3879; x_wconf 78' lang='lat' dir='ltr'>annorum</span> <span class='ocrx_word' id='word_1_282' title='bbox 747 3815 980 3898; x_wconf 86' lang='lat' dir='ltr'>indulgentiam</span> <span class='ocrx_word' id='word_1_283' title='bbox 996 3817 1144 3880; x_wconf 89' lang='lat' dir='ltr'>omuibus</span> <span class='ocrx_word' id='word_1_284' title='bbox 1159 3815 1359 3879; x_wconf 73' lang='lat' dir='ltr'>Christicolis</span> <span class='ocrx_word' id='word_1_285' title='bbox 1379 3815 1485 3881; x_wconf 86' lang='lat' dir='ltr'>locum</span> <span class='ocrx_word' id='word_1_286' title='bbox 1507 3817 1614 3901; x_wconf 75' lang='lat' dir='ltr'>ipsura</span> 
     </span>
     <span class='ocr_line' id='line_1_34' title="bbox 420 3912 1615 3999; baseline 0.002 -21"><span class='ocrx_word' id='word_1_287' title='bbox 420 3914 464 3978; x_wconf 91' lang='lat' dir='ltr'>ob</span> <span class='ocrx_word' id='word_1_288' title='bbox 481 3912 635 3979; x_wconf 86' lang='lat' dir='ltr'>honorem</span> <span class='ocrx_word' id='word_1_289' title='bbox 657 3915 742 3978; x_wconf 73' lang='lat' dir='ltr'>beati</span> <span class='ocrx_word' id='word_1_290' title='bbox 763 3914 934 3979; x_wconf 78' lang='lat' dir='ltr'>hliclmelis</span> <span class='ocrx_word' id='word_1_291' title='bbox 955 3917 1007 3999; x_wconf 90' lang='lat' dir='ltr'>pia</span> <span class='ocrx_word' id='word_1_292' title='bbox 1028 3915 1193 3980; x_wconf 79' lang='lat' dir='ltr'>volmvtate</span> <span class='ocrx_word' id='word_1_293' title='bbox 1213 3915 1428 3979; x_wconf 66' lang='lat' dir='ltr'>visitantibus</span> <span class='ocrx_word' id='word_1_294' title='bbox 1474 3916 1615 3980; x_wconf 86' lang='lat' dir='ltr'>Iuventa</span> 
     </span>
     <span class='ocr_line' id='line_1_35' title="bbox 366 4013 1616 4098; baseline 0.006 -27"><span class='ocrx_word' id='word_1_295' title='bbox 366 4058 373 4071; x_wconf 88' lang='lat'><strong>.</strong></span> <span class='ocrx_word' id='word_1_296' title='bbox 419 4034 495 4098; x_wconf 80' lang='lat' dir='ltr'>ergo</span> <span class='ocrx_word' id='word_1_297' title='bbox 510 4022 601 4078; x_wconf 82' lang='lat' dir='ltr'>teuto</span> <span class='ocrx_word' id='word_1_298' title='bbox 615 4014 735 4078; x_wconf 69' lang='lat' dir='ltr'>divinae</span> <span class='ocrx_word' id='word_1_299' title='bbox 751 4014 904 4078; x_wconf 77' lang='lat' dir='ltr'>leuitatis</span> <span class='ocrx_word' id='word_1_300' title='bbox 927 4013 1084 4087; x_wconf 80' lang='lat' dir='ltr'>thesauro.</span> <span class='ocrx_word' id='word_1_301' title='bbox 1099 4036 1156 4097; x_wconf 82' lang='lat' dir='ltr'>ego</span> <span class='ocrx_word' id='word_1_302' title='bbox 1178 4023 1210 4078; x_wconf 92' lang='lat' dir='ltr'>et</span> <span class='ocrx_word' id='word_1_303' title='bbox 1234 4013 1332 4078; x_wconf 79' lang='lat' dir='ltr'>irater</span> <span class='ocrx_word' id='word_1_304' title='bbox 1355 4013 1490 4079; x_wconf 78' lang='lat' dir='ltr'>ll&#39;elliu</span> <span class='ocrx_word' id='word_1_305' title='bbox 1512 4015 1616 4079; x_wconf 78' lang='lat' dir='ltr'>trihus</span> 
     </span>
     <span class='ocr_line' id='line_1_36' title="bbox 421 4111 1614 4196; baseline -0.002 -18"><span class='ocrx_word' id='word_1_306' title='bbox 421 4114 588 4178; x_wconf 83' lang='lat' dir='ltr'>mensibus</span> <span class='ocrx_word' id='word_1_307' title='bbox 613 4113 834 4196; x_wconf 80' lang='lat' dir='ltr'>jejunavimus</span> <span class='ocrx_word' id='word_1_308' title='bbox 863 4113 1061 4177; x_wconf 86' lang='lat' dir='ltr'>orationihus</span> <span class='ocrx_word' id='word_1_309' title='bbox 1082 4124 1233 4176; x_wconf 87' lang='lat' dir='ltr'>vacantes</span> <span class='ocrx_word' id='word_1_310' title='bbox 1254 4122 1288 4176; x_wconf 89' lang='lat' dir='ltr'>et</span> <span class='ocrx_word' id='word_1_311' title='bbox 1311 4112 1440 4196; x_wconf 87' lang='lat' dir='ltr'>vigiliis,</span> <span class='ocrx_word' id='word_1_312' title='bbox 1461 4111 1614 4177; x_wconf 73' lang='lat' dir='ltr'>dre-moui·</span> 
     </span>
     <span class='ocr_line' id='line_1_37' title="bbox 420 4209 1616 4297; baseline -0.001 -20"><span class='ocrx_word' id='word_1_313' title='bbox 420 4211 545 4297; x_wconf 75' lang='lat' dir='ltr'>busque</span> <span class='ocrx_word' id='word_1_314' title='bbox 561 4221 594 4278; x_wconf 83' lang='lat' dir='ltr'>et</span> <span class='ocrx_word' id='word_1_315' title='bbox 609 4210 726 4276; x_wconf 85' lang='lat' dir='ltr'>belluis</span> <span class='ocrx_word' id='word_1_316' title='bbox 738 4211 978 4276; x_wconf 77' lang='lat' dir='ltr'>multiformiter</span> <span class='ocrx_word' id='word_1_317' title='bbox 989 4211 1216 4296; x_wconf 68' lang='lat' dir='ltr'>apparentibus</span> <span class='ocrx_word' id='word_1_318' title='bbox 1229 4209 1446 4295; x_wconf 57' lang='lat' dir='ltr'>nuper-iratos·</span> <span class='ocrx_word' id='word_1_319' title='bbox 1468 4210 1616 4289; x_wconf 82' lang='lat' dir='ltr'>Quadam</span> 
     </span>
     <span class='ocr_line' id='line_1_38' title="bbox 419 4309 1617 4395; baseline 0 -20"><span class='ocrx_word' id='word_1_320' title='bbox 419 4324 531 4377; x_wconf 78' lang='lat' dir='ltr'>autera</span> <span class='ocrx_word' id='word_1_321' title='bbox 557 4319 651 4377; x_wconf 89' lang='lat' dir='ltr'>aocta</span> <span class='ocrx_word' id='word_1_322' title='bbox 674 4332 748 4375; x_wconf 88' lang='lat' dir='ltr'>cum</span> <span class='ocrx_word' id='word_1_323' title='bbox 772 4331 824 4375; x_wconf 88' lang='lat' dir='ltr'>me</span> <span class='ocrx_word' id='word_1_324' title='bbox 851 4310 967 4395; x_wconf 58' lang='lat' dir='ltr'>aanor?</span> <span class='ocrx_word' id='word_1_325' title='bbox 991 4311 1148 4374; x_wconf 74' lang='lat' dir='ltr'>dedissem</span> <span class='ocrx_word' id='word_1_326' title='bbox 1174 4311 1325 4394; x_wconf 60' lang='lat' dir='ltr'>apprimit</span> <span class='ocrx_word' id='word_1_327' title='bbox 1351 4309 1430 4373; x_wconf 92' lang='lat' dir='ltr'>mihi</span> <span class='ocrx_word' id='word_1_328' title='bbox 1456 4309 1617 4375; x_wconf 81' lang='lat' dir='ltr'>lloraiaus</span> 
     </span>
     <span class='ocr_line' id='line_1_39' title="bbox 420 4406 1617 4495; baseline -0.004 -17"><span class='ocrx_word' id='word_1_329' title='bbox 420 4409 544 4478; x_wconf 72' lang='lat' dir='ltr'>dhesus</span> <span class='ocrx_word' id='word_1_330' title='bbox 559 4410 594 4476; x_wconf 86' lang='lat' dir='ltr'>ia</span> <span class='ocrx_word' id='word_1_331' title='bbox 616 4412 690 4476; x_wconf 79' lang='lat' dir='ltr'>visa</span> <span class='ocrx_word' id='word_1_332' title='bbox 712 4410 904 4477; x_wconf 75' lang='lat' dir='ltr'>dicauit-‘⁴</span> <span class='ocrx_word' id='word_1_333' title='bbox 917 4409 1057 4486; x_wconf 83' lang='lat' dir='ltr'>l‘atriei,⁸</span> <span class='ocrx_word' id='word_1_334' title='bbox 1078 4429 1168 4474; x_wconf 77' lang='lat' dir='ltr'>serva</span> <span class='ocrx_word' id='word_1_335' title='bbox 1192 4408 1387 4483; x_wconf 68' lang='lat' dir='ltr'>moestitias</span> <span class='ocrx_word' id='word_1_336' title='bbox 1409 4428 1460 4473; x_wconf 82' lang='lat' dir='ltr'>nie</span> <span class='ocrx_word' id='word_1_337' title='bbox 1482 4406 1617 4495; x_wconf 78' lang='lat' dir='ltr'>elegisse</span> 
     </span>
    </p>
   </div>
   <div class='ocr_carea' id='block_1_3' title="bbox 418 4578 1617 4974">
    <p class='ocr_par' dir='ltr' id='par_1_3' title="bbox 418 4578 1617 4974">
     <span class='ocr_line' id='line_1_40' title="bbox 469 4578 1617 4646; baseline -0.005 -11"><span class='ocrx_word' id='word_1_338' title='bbox 469 4579 1364 4643; x_wconf 53' lang='lat' dir='ltr'>&#39;cusamrasatmsule-irnekssqumlttcdlnsso.</span> <span class='ocrx_word' id='word_1_339' title='bbox 1486 4578 1617 4646; x_wconf 60' lang='lat' dir='ltr'>&#39;M</span> 
     </span>
     <span class='ocr_line' id='line_1_41' title="bbox 420 4656 1616 4726; baseline -0.003 -12"><span class='ocrx_word' id='word_1_340' title='bbox 420 4659 929 4726; x_wconf 57' lang='lat' dir='ltr'>ktf.;.1m,te;oktau,o.</span> <span class='ocrx_word' id='word_1_341' title='bbox 1061 4656 1616 4723; x_wconf 54' lang='lat' dir='ltr'>&#39;caccumkffloqacumt-F.</span> 
     </span>
     <span class='ocr_line' id='line_1_42' title="bbox 418 4732 1617 4801; baseline -0.004 -9"><span class='ocrx_word' id='word_1_342' title='bbox 418 4736 978 4801; x_wconf 48' lang='lat' dir='ltr'>‘manutenuimus-,k</span> <span class='ocrx_word' id='word_1_343' title='bbox 1071 4732 1334 4797; x_wconf 53' lang='lat' dir='ltr'>tumtunm&amp;</span> <span class='ocrx_word' id='word_1_344' title='bbox 1422 4734 1617 4801; x_wconf 57' lang='lat' dir='ltr'>‘lupum</span> 
     </span>
     <span class='ocr_line' id='line_1_43' title="bbox 418 4810 1617 4881; baseline -0.005 -14"><span class='ocrx_word' id='word_1_345' title='bbox 418 4813 840 4881; x_wconf 54' lang='lat' dir='ltr'>ksstfqlnr-tmtqo·</span> <span class='ocrx_word' id='word_1_346' title='bbox 924 4810 1402 4880; x_wconf 51' lang='lat' dir='ltr'>&#39;QkssQE-rupulf.</span> <span class='ocrx_word' id='word_1_347' title='bbox 1486 4811 1617 4876; x_wconf 42' lang='lat' dir='ltr'>‘hulst</span> 
     </span>
     <span class='ocr_line' id='line_1_44' title="bbox 418 4890 793 4974; baseline -0.008 -28"><span class='ocrx_word' id='word_1_348' title='bbox 418 4890 793 4974; x_wconf 50' lang='lat' dir='ltr'>..O-Ual&#39;strtdk</span> 
     </span>
    </p>
   </div>
   <div class='ocr_carea' id='block_1_4' title="bbox 0 0 1972 5446">
    <p class='ocr_par' dir='ltr' id='par_1_4' title="bbox 0 0 1972 5446">
     <span class='ocr_line' id='line_1_45' title="bbox 0 0 1972 5446; baseline 0 0"><span class='ocrx_word' id='word_1_349' title='bbox 0 0 1972 5446; x_wconf 95' lang='lat' dir='ltr'> </span> 
     </span>
    </p>
   </div>
  </div>
 </body>
</html>
