3936 5446
353 410 417 459 un.
433 393 522 480 681.]
608 411 799 463 miramars
820 414 975 464 erasnm
998 414 1040 464 nr
1061 414 1143 464 nors
1163 400 1319 467 toarno(
1493 400 1551 467 ‘8⁹

354 587 429 633 mtrs
440 568 622 634 venerabile
633 570 882 635 Moxasrnnmu
893 571 928 635 in
939 569 1105 635 londonia
1113 570 1553 656 civitato,qu0ddedioatam

354 672 406 729 est
428 665 463 729 in
483 667 612 732 nomine
633 668 758 733 Saron
781 670 886 734 Pacu
912 668 1062 753 Apostoli
1077 721 1085 747 ‚
1098 667 1245 754 gentium
1268 669 1406 735 doctoris
1428 720 1438 747 ,
1463 668 1556 754 cujus

355 763 469 828 dirina
491 765 634 849 dignatio
660 786 753 850 prcoe
771 788 830 833 nos
845 768 949 832 voluit
969 818 977 846 ,
999 768 1046 831 ita
1061 767 1213 832 uidelicet
1234 774 1273 832 ut
1294 768 1378 832 nibil
1395 768 1436 834 da
1460 768 1556 834 rebus

354 861 498 927 ccclesiae
509 864 563 929 rel
577 866 720 930 materiis
736 866 769 929 iu
786 868 855 950 ejus
870 866 999 931 nomine
1015 866 1133 930 oblatis
1147 886 1186 930 ac
1200 867 1391 931 consecratis
1405 915 1414 943 ‚
1427 865 1470 931 ab
1483 866 1556 950 jura

355 962 549 1027 venerabilis
563 964 747 1029 monasterii
764 1017 772 1042 ,
786 986 805 1028 a
820 972 876 1031 tua
892 965 1072 1031 reverentie
1087 964 1319 1029 subtrahatur.
1344 964 1410 1029 Hic
1423 964 1557 1050 pacifico

357 1068 500 1143 tempore
524 1062 627 1126 aDco
653 1083 802 1127 concesso
824 1065 881 1148 qui
900 1064 942 1128 ad
966 1063 1171 1148 episcopatus
1193 1062 1408 1150 ministerium
1429 1061 1557 1127 delatus

356 1158 456 1223 suerit
479 1180 513 1224 se
536 1160 641 1243 ipsum
664 1161 848 1245 apostolicis
869 1170 1075 1247 representet
1096 1162 1287 1227 obtutibus.
1303 1169 1396 1227 utex
1417 1160 1480 1226 hoc
1493 1160 1557 1225 illi·

356 1257 467 1321 batam
498 1259 681 1323 finrritatem
708 1260 852 1325 obtineat
873 1311 880 1325 .
903 1262 939 1325 Si
962 1282 1039 1325 rere
1064 1261 1290 1344 presbytcmm
1318 1259 1359 1324 ob
1388 1260 1557 1324 missarum

356 1356 537 1441 solempnia
551 1358 612 1422 sibi
624 1360 848 1442 proposuerint
863 1359 1040 1425 consecrari
1055 1410 1063 1434 ,
1078 1359 1158 1423 dum
1171 1379 1248 1424 rcro
1263 1358 1304 1423 ad
1318 1358 1558 1443 percipiendam

355 1454 505 1520 laborum
527 1457 782 1522 vicissitudinem
803 1458 844 1522 de
869 1458 931 1521 boc
951 1457 1138 1542 migraverit
1160 1458 1277 1521 seculo
1299 1508 1308 1534 ,
1330 1457 1471 1542 eligendi
1491 1455 1559 1540 epi·

362 1575 496 1639 scopum
507 1554 672 1620 licentiam
684 1555 744 1620 soli
760 1555 999 1641 congregationi
1014 1554 1158 1639 ejusdcm
1170 1554 1362 1621 venerabilis
1372 1554 1560 1621 monasterii

357 1654 572 1718 concedimus.

402 1752 437 1816 Si
460 1754 623 1837 quiscere
644 1751 728 1817 banc
753 1752 939 1817 libertatem
962 1772 1079 1838 augere
1101 1751 1243 1817 uoluerit
1257 1802 1266 1829 ,
1280 1752 1437 1838 adaugeat
1459 1751 1561 1816 omni·

357 1859 473 1934 potens
488 1852 578 1916 Deus
603 1851 666 1915 sibi
692 1851 871 1935 longreranr
891 1851 927 1914 in
950 1850 1011 1914 hoe
1037 1850 1154 1915 seculo
1174 1851 1277 1914 vitam
1292 1901 1300 1926 ,
1314 1856 1349 1916 et
1368 1858 1444 1935 post
1465 1850 1562 1914 finem

357 1949 455 2014 istius
480 1951 556 2016 ritae
579 1949 715 2015 celestis
737 1949 828 2035 regui
851 1947 1087 2032 jocunditatem
1108 1971 1117 2011 ι
1139 1949 1168 2012 si
1189 1949 1263 2032 quis
1277 1968 1354 2013 rcro
1368 1999 1377 2024 ,
1391 1947 1478 2032 quod
1497 1967 1563 2011 non

357 2058 509 2133 optamus
534 2100 542 2129 ,
565 2049 664 2133 hujus
689 2048 809 2113 decreti
835 2048 1022 2131 syncrasian
1043 2046 1218 2131 infringere
1241 2047 1448 2131 temptaverit
1473 2096 1483 2124 ,
1507 2054 1576 2112 aut-

356 2148 454 2213 alitcr
468 2169 565 2233 quam
579 2170 599 2212 a
615 2148 707 2212 nobis
722 2153 884 2211 statutum
899 2154 949 2211 cst
963 2154 1089 2211 mutare
1105 2146 1286 2223 studuerit,
1300 2148 1343 2211 sit
1365 2167 1386 2210 a
1404 2147 1564 2213 consortio

358 2247 481 2313 Christi
505 2254 538 2313 et
559 2247 701 2313 ccclesire
721 2254 753 2311 et
784 2268 802 2310 a
825 2245 960 2331 collegio
975 2246 1121 2311 onmium
1138 2252 1321 2312 sanctorum
1336 2245 1371 2309 in
1391 2244 1454 2310 hoc
1474 2253 1509 2311 ct
1528 2245 1564 2311 in

359 2349 471 2411 tuturo
487 2347 602 2411 seculo
617 2352 825 2431 segregatus.
912 2379 920 2388 ·

412 2518 473 2560 ltad.
481 2519 528 2559 and
538 2518 580 2566 st..
590 2519 622 2568 iii,
633 2520 669 2559 lot
678 2533 685 2567 t
698 2516 760 2558 trum
769 2516 818 2557 tls,
828 2525 897 2569 pcuos
906 2514 993 2560 ὓεωι.
1002 2518 1027 2560 et
1036 2515 1110 2568 eupit
1121 2516 1145 2559 8
1154 2515 1227 2566 halt.
1234 2515 1340 2561 london

409 2580 475 2632 nire,
488 2581 548 2623 nur.
558 2580 617 2623 met.
631 2581 654 2625 s.
663 2580 742 2630 reeta,
751 2590 776 2631 p.
784 2580 831 2622 asa.

364 2923 417 2987 56.
462 2923 631 3005 Pricdcpcs
642 2923 777 3007 praatcd
791 2922 828 3004 tp
840 2922 1056 3005 Pepc.·lyotdo
1072 2928 1102 2984 to
1118 2921 1354 3005 tdcdlouustcry
1367 2923 1406 3008 of
1416 2922 1565 3008 Cbcrtscy.

850 3036 912 3083 an.
931 3018 1085 3085 crucan

406 3161 626 3227 Dilectissimo
641 3161 735 3225 nolis
752 3160 1007 3224 Erruuxtu'amo
1025 3160 1174 3243 episcopo
1196 3181 1283 3226 nune
1297 3160 1420 3226 Abbati
1441 3182 1567 3229 monas·

365 3263 450 3325 terii¹
465 3267 615 3345 t'crtcseg
629 3264 749 3324 alatro
765 3260 933 3344 episcopus
949 3280 1061 3323 seruus
1076 3280 1241 3324 serronrm
1256 3261 1341 3325 Dei.

406 3362 486 3438 era·
508 3362 549 3425 ad
572 3361 777 3425 securitatem
799 3368 832 3423 et
857 3360 1018 3442 refugium
1033 3358 1174 3423 fideliter
1189 3360 1259 3424 Deo
1274 3359 1484 3425 servientium
1498 3382 1568 3446 per·

359 3461 467 3524 tinent
483 3460 604 3525 sollerti
628 3482 703 3523 ema
727 3458 939 3541 speculatoris
961 3466 1088 3541 oportet
1110 3459 1290 3542 prospicere
1307 3460 1512 3543 vigilanciam
1531 3468 1570 3526 ut

358 3560 438 3622 dnm
463 3560 659 3623 immunitati
676 3558 791 3622 devote
808 3558 878 3619 lleo
894 3557 1014 3620 sortire
1031 3557 1236 3640 cupiencium
1260 3560 1460 3642 prospexerit
1480 3560 1568 3644 plur·

359 3665 442 3726 intes
457 3659 498 3721 ad
513 3660 603 3721 boum
618 3657 873 3722 conuersationis
888 3655 1030 3719 imlolcm
1047 3664 1200 3738 prouocet
1214 3707 1222 3720 .
1236 3656 1356 3721 lccirco
1378 3666 1442 3722 tuae
1464 3678 1569 3724 rever·

358 3757 456 3820 entiae
486 3757 736 3820 obsecrationem
774 3754 903 3818 etl'ectui
933 3755 1156 3837 mancipantes
1186 3757 1327 3838 rogantis
1356 3763 1429 3839 post
1449 3739 1569 3822 mullas

358 3856 580 3919 ecclesiasticae
603 3853 855 3937 dispensacionis
885 3852 1122 3917 sollicitudines
1152 3852 1359 3937 diversosque
1380 3854 1507 3920 labores
1535 3862 1570 3920 et

357 3957 537 4040 corporales
549 3956 711 4020 molestias
727 3957 768 4019 ob
784 3956 923 4037 corporis
939 3955 1186 4019 inbecillitatem
1202 3967 1233 4021 et
1249 3958 1376 4021 scnirun
1386 4008 1394 4022 .
1406 3957 1569 4023 licentiam

360 4057 420 4119 tibi
437 4077 455 4119 a
471 4058 562 4119 nobis·
577 4055 706 4120 cmrccdi
722 4068 760 4117 ut
776 4054 972 4118 uenerabilis
986 4054 1200 4119 lionastcrii.
1218 4057 1311 4139 cujus
1327 4078 1431 4140 nuper
1441 4057 1569 4143 dispen-

360 4157 522 4221 sacionenr
536 4156 635 4219 iacere
652 4153 834 4218 nascebaris
848 4164 1021 4217 ccmtentus
1036 4152 1173 4218 latibulo
1188 4155 1300 4219 dirino
1312 4156 1450 4220 servicio
1461 4157 1570 4222 scdulo

359 4255 490 4320 deditus
506 4255 647 4337 ejusdem
664 4262 792 4317 tantum
815 4252 993 4335 regularem
1014 4252 1289 4336 dispensationem
1311 4264 1346 4319 et
1367 4254 1570 4340 disciplinam

359 4376 507 4419 exerceas
522 4355 563 4419 ad
578 4352 824 4417 deserviendum
839 4351 1008 4416 adtencius
1024 4352 1094 4416 Deo
1109 4401 1116 4414 .
1133 4352 1244 4417 Nullis
1266 4354 1403 4438 negotiis
1425 4354 1571 4419 secmar-

361 4458 435 4522 ilurs
461 4457 617 4522 saltemve
646 4455 871 4520 ecclesiasticis
898 4453 1174 4517 sollicitudinilurs
1200 4461 1234 4519 ct
1267 4456 1352 4519 curis
1376 4464 1572 4541 occupatus.

365 4555 536 4641 Rogasqne
558 4576 615 4639 pet·
635 4555 695 4619 boc
722 4552 929 4637 priuilegium
947 4574 987 4616 ex
1012 4552 1189 4636 apostolica
1206 4555 1396 4619 auctoritate
1417 4554 1572 4620 concedi.

861 4691 870 4723 ¹
888 4693 937 4754 ne,
946 4692 1039 4755 maan
1053 4689 1085 4741 a.
