3936 5446
497 437 670 521 an.701.1
755 454 876 503 ιιι-[εκ
891 454 1025 504 oreore
1040 456 1177 506 sensus
1192 452 1444 505 troci—:orrum
1556 424 1559 429 ’
1631 438 1696 504 151

498 608 580 675 dicit
595 637 604 677 ε
625 619 642 647 “
653 609 722 697 qui¹
738 630 794 673 tos
809 610 901 673 audit
915 661 923 685 ‚
937 630 989 675 me
1003 610 1092 675 audit
1107 610 1133 674 :”
1152 631 1211 695 per
1228 630 1329 695 quam
1344 606 1561 695 proculdubio
1574 616 1609 675 et
1621 628 1698 675 con·

498 706 667 773 fidentiam
680 728 828 791 magnam
843 708 998 773 habemus
1008 759 1017 785 ‚
1028 729 1098 773 eam
1113 729 1181 773 esse
1196 709 1349 793 usquein
1365 707 1464 771 finem
1478 714 1698 771 servaturam.

499 802 541 866 lu
554 804 618 869 hoc
632 805 752 869 etenim
774 803 923 867 dominus
944 812 1053 868 noster
1073 806 1195 869 Jhesus
1217 805 1368 870 Christus
1389 802 1604 869 conlaudatur
1617 854 1627 881 ,
1640 802 1699 867 ubi

501 898 756 965 Christianitatis
781 901 948 965 concordia
972 903 1106 967 fratrum
1132 904 1359 987 comprobatur
1382 953 1391 978 ,
1413 906 1449 967 et
1469 900 1549 967 fides
1572 901 1701 967 illibata

500 1006 699 1063 monstratur
714 1023 723 1076 ;
736 1006 768 1062 et
789 997 866 1061 dum
881 998 1075 1082 glorificatur
1096 1021 1134 1065 ac
1155 1001 1359 1065 benedicitur
1377 1000 1469 1065 Deus
1483 1019 1542 1083 per
1555 998 1701 1065 fidelium

501 1116 634 1159 suonmt
657 1095 762 1161 studia
778 1145 786 1170 ‚
800 1094 869 1158 haec
890 1096 1059 1160 facientem
1081 1098 1167 1163 sicut
1187 1099 1345 1181 scriptum
1367 1104 1419 1163 est
1440 1102 1700 1183 ‚consequatur.
1772 1142 1786 1165 .

500 1194 592 1257 Dicit
607 1195 693 1258 enim
710 1218 717 1258 :
739 1202 756 1225 “
766 1193 953 1257 lteuedietus
968 1193 1062 1258 homo
1077 1216 1134 1279 per
1143 1216 1241 1279 quem
1255 1196 1347 1259 Deus
1361 1194 1566 1259 benedicitur
1577 1194 1604 1261 .”

544 1291 785 1355 Benedictionis
800 1291 920 1353 interca
935 1291 1069 1373 gratiam
1084 1344 1092 1369 ‚
1107 1313 1204 1376 quam
1226 1292 1320 1357 nobis
1342 1314 1401 1377 per
1421 1300 1614 1377 praesentcrn
1627 1312 1701 1377 por·

501 1391 633 1456 titorcm
648 1400 704 1456 tua
720 1392 809 1455 misit
831 1391 947 1455 devota
966 1392 1077 1476 religio
1091 1443 1100 1469 ,
1112 1394 1227 1458 libenti
1242 1404 1277 1458 ct
1290 1394 1387 1458 hilari
1402 1395 1512 1459 animo
1527 1446 1536 1473 ,
1549 1394 1646 1459 sicuti
1659 1394 1703 1459 ab

502 1510 539 1552 ea
555 1489 675 1553 directa
691 1498 741 1552 est
755 1539 763 1563 ,
779 1508 837 1553 nos
852 1489 1026 1571 suscepisse
1041 1511 1192 1574 cognosce
1207 1514 1216 1570 ;
1230 1490 1277 1554 et²
1297 1512 1356 1575 pro
1370 1492 1441 1574 ejus
1456 1492 1611 1557 nimirum
1625 1511 1702 1556 con·

503 1591 646 1654 scientiae
663 1590 804 1672 puritate
826 1589 991 1651 domituun
1013 1590 1145 1673 ejusque
1167 1591 1327 1674 apostolos
1347 1592 1557 1675 deprecamur
1571 1642 1579 1667 ‚
1592 1598 1630 1655 ut
1646 1611 1705 1675 per

504 1690 598 1771 cujus
624 1687 882 1772 pradicationem
907 1686 948 1748 ad
972 1686 1081 1750 ltuucn
1104 1688 1252 1751 veritatis
1275 1688 1481 1765 accessimus,
1500 1688 1624 1753 tribuat
1644 1708 1703 1773 pro
1784 1708 1787 1713 ·

504 1791 613 1873 partis
630 1809 745 1873 magma
760 1794 793 1851 et
808 1786 944 1850 cat-lestis
970 1788 1057 1869 regni
1080 1795 1235 1870 perpetua
1257 1788 1413 1851 beneficia
1434 1788 1607 1853 condonari
1627 1808 1706 1853 cou-

505 1890 608 1954 cedat.
654 1888 852 1972 Opportunis
867 1908 941 1971 ergo
955 1907 992 1951 ac
1012 1888 1117 1971 dignis
1137 1888 1369 1971 amplectendae
1383 1897 1448 1952 tuae
1463 1888 1705 1953 sollicitudinis⁸

505 1992 717 2077 petitionibus
732 1990 912 2053 arctissima
926 1989 1093 2053 deuotione
1108 1989 1253 2053 fatentes
1268 2040 1277 2067 ,
1290 1989 1459 2053 hortamur
1472 1990 1544 2054 Deo
1553 1990 1706 2055 dilectam

507 2090 663 2153 bonitatis
678 2097 741 2180 tuae
758 2086 1011 2168 religiositatem*
1026 2094 1086 2162 ,ut
1100 2087 1177 2169 quia
1198 2086 1318 2150 exortis
1333 2086 1528 2170 quibusdam
1543 2086 1708 2177 ecclesiar-

507 2188 647 2251 ticarum
663 2205 829 2249 causarum
846 2183 996 2265 capitulis
1011 2232 1019 2258 ,
1034 2204 1099 2245 non
1121 2184 1190 2246 sine
1212 2184 1453 2247 examinatione
1472 2184 1600 2269 longius
1613 2186 1709 2249 inno·

507 2284 669 2349 tescendis
693 2334 701 2359 ,
725 2303 805 2365 opus
832 2281 925 2343 nobis
950 2288 1026 2343 sunt
1054 2281 1096 2345 ad
1124 2279 1353 2344 conserendum
1382 2281 1503 2345 artium
1527 2281 1709 2346 literaturae‘

508 2384 627 2446 imbuti
644 2406 651 2460 ;
666 2382 749 2444 sicut
772 2380 863 2442 ‹let-et
886 2377 1040 2443 devotum
1061 2378 1285 2441 auxiliatorem
1308 2384 1428 2442 sanctae
1450 2379 1564 2443 matris
1578 2378 1709 2445 mover-

508 2480 585 2544 salis
609 2479 759 2551 eeclesia,
785 2476 987 2539 obedientem
1013 2476 1215 2539 devotionem
1235 2475 1310 2539 huic
1326 2460 1453 2540 'nostre
1477 2476 1710 2541 exhortatioui⁸

460 2632 463 2639 .
509 2600 575 2641 uon
599 2578 735 2639 desistas
758 2573 994 2637 accommodare
1016 2597 1025 2651 ;
1046 2574 1102 2637 sed
1124 2574 1244 2655 absque
1268 2573 1377 2655 aliqua
1400 2574 1613 2639 remoratione
1633 2572 1710 2637 reli·

508 2679 636 2759 giosttm
648 2673 804 2735 saruulum
817 2672 880 2735 Dei
890 2671 923 2733 N
933 2670 954 2733 .⁷
966 2670 1156 2734 uenerabilis
1168 2668 1353 2733 monasterii
1368 2670 1432 2733 tui⁸
1440 2722 1449 2746 ‚
1458 2670 1500 2733 ad
1514 2670 1712 2735 veneranda’

511 2774 627 2836 limina
643 2769 858 2854 apostolorum
874 2769 1053 2852 principum
1069 2769 1269 2831 dominorum
1284 2788 1431 2831 meorum
1447 2768 1537 2832 Petri
1552 2776 1586 2833 et
1596 2768 1714 2847 Pauli,

512 2886 694 2933 auratorum
715 2880 844 2929 tuorum
866 2886 904 2929 ac
926 2873 1139 2949 protectorum
1154 2916 1163 2941 ‚
1177 2866 1218 2941 ad
1241 2873 1361 2929 nostrae
1384 2864 1616 2930 mediocritatis
1637 2885 1712 2931 uon·

514 2974 660 3049 spectum
677 2986 741 3027 iton
753 2965 886 3027 moraris
898 2964 1052 3047 dirigere.
1069 2964 1171 3039 Quem
1184 2964 1331 3037 ,latente
1346 2962 1417 3026 Deo
1429 3014 1437 3037 ,
1448 2964 1578 3047 tuisque
1592 2964 1714 3028 sanctis

512 3064 662 3147 pree-ibus
678 3114 685 3137 ‚
700 3083 763 3124 non
780 3061 906 3123 dirutas
921 3082 1068 3143 prospero
1083 3060 1123 3122 ad
1138 3068 1170 3123 te
1186 3060 1290 3123 redire
1305 3084 1314 3137 ;
1332 3070 1462 3143 peracta
1475 3062 1715 3143 praemissorum

514 3160 729 3242 capitulorum
746 3181 819 3222 cum
835 3159 956 3221 auxilio
972 3160 1033 3221 Ilei
1049 3159 1227 3221 desiderata
1242 3157 1498 3222 sollennitate¹⁰.
1521 3158 1595 3223 Brit
1608 3159 1716 3235 enim,

515 3274 553 3321 ut
577 3258 768 3321 confidimus
787 3306 795 3330 ,
814 3257 911 3319 ctiam
935 3256 1060 3319 cunetis
1081 3256 1141 3317 tibi
1163 3254 1294 3318 creditis
1316 3256 1522 3337 profuturum
1538 3306 1547 3331 ‚
1561 3254 1718 3339 quicquid

515 3357 659 3419 ccclesia·
673 3356 814 3439 generali
830 3354 946 3418 devoto
961 3366 1071 3417 sancto
1093 3353 1226 3436 collegio
1250 3353 1402 3417 claruerit
1424 3352 1716 3436 praestantissime¹¹

515 3453 717 3537 impertitum
733 3503 740 3516 .

515 3637 562 3684 μ.)
578 3636 628 3677 ns.
644 3635 825 3683 catanens
835 3636 861 3677 a.
875 3646 914 3683 xv.
928 3635 946 3676 a
959 3637 985 3675 so
999 3634 1018 3675 t.
1036 3620 1117 3683 titia*
1138 3634 1185 3683 [aa
1201 3634 1262 3675 unt
1280 3633 1368 3679 mm.
1386 3634 1453 3673 aena
1470 3632 1557 3686 rm..
1573 3634 1610 3678 aa
1627 3632 1718 3687 mm,

565 3708 688 3747 century:
710 3700 769 3738 llud.
788 3698 835 3737 aud
853 3698 896 3746 St...
911 3698 946 3746 tit.
963 3700 1013 3745 ²t⁴;
1035 3698 1095 3737 trum
1188 3698 1247 3741 1.oe-

566 3761 841 3809 {agnatorum-aaron

565 3926 573 3952 ¹
593 3927 653 3975 Luc.
665 3943 691 3987 x,
704 3927 739 3973 ld.
904 3924 915 3955 ¹
933 3926 968 3973 Et
970 3963 1029 3975 ......
1032 3925 1162 3986 concedat,
1171 3922 1289 3981 omitted,
1303 3920 1337 3971 Β.
1522 3920 1534 3955 ⁸
1548 3922 1600 3973 sot
1611 3926 1673 3983 tun,
1685 3918 1719 3973 Β.

516 4008 526 4036 ⁴
546 4004 728 4065 lte-iigiroitatis
740 4009 792 4050 tuac
806 4002 956 4061 lmuitatem,
970 4000 1002 4050 Β.
1090 4000 1101 4031 ⁸
1117 4003 1181 4049 Arte
1192 4000 1355 4057 litteratura,
1369 3996 1402 4047 Β.
1490 3996 1502 4029 ⁸
1518 3998 1673 4059 llortrtioui,
1686 3994 1720 4049 Β.

517 4082 528 4115 ²
546 4082 595 4131 lui
607 4080 733 4127 iatriulum
747 4080 850 4137 lledam,
864 4077 897 4127 Β.
1034 4078 1045 4109 ⁸
1061 4079 1254 4141 Presb5terum,
1265 4076 1357 4133 added,
1372 4072 1406 4124 Β.
1545 4076 1558 4107 ⁹
1573 4074 1723 4125 t'enmch

518 4160 637 4217 ‹imittut
663 4156 694 4205 Β.
802 4154 822 4186 ¹⁰
840 4156 968 4215 saturon..
994 4153 1026 4203 Β.
1137 4152 1156 4184 ¹¹
1174 4153 1293 4202 Generali
1315 4151 1435 4201 claruerit
1458 4168 1504 4215 per
1523 4152 1582 4217 ejus
1602 4157 1724 4217 pumun-

517 4239 592 4297 titur,
605 4236 638 4285 Β.
