3936 5446
637 384 919 470 nn.708x715.]
987 400 1636 486 rorsoossrarnseruanuornrunn
1735 404 1739 413 ·
1786 392 1915 471 1971

639 556 791 623 aeclesia
805 577 826 621 a
840 578 928 623 nunc
942 565 976 623 et
990 559 1026 623 in
1039 566 1232 644 perpetuum
1252 580 1323 625 asse
1336 567 1436 645 atque
1455 560 1630 644 persistere
1645 564 1828 649 poposcisti
1841 614 1856 633 .

640 656 771 740 Subque
785 656 957 740 privilegii¹
979 658 1163 742 apostolicae
1182 659 1271 724 sedis
1293 659 1481 743 praemuniri
1503 659 1628 743 optasti
1642 712 1651 726 .
1665 661 1752 727 rotis
1772 662 1857 729 reli·

638 754 744 837 gionis
754 762 819 817 tua
831 754 975 819 faventes
987 757 1034 820 ita
1047 756 1244 840 pontificalis
1254 778 1401 821 censurae
1414 756 1577 822 libramen
1586 758 1799 828 adhibemus.
1808 768 1857 829 ut

633 860 667 917 et
681 852 849 936 episcopus
864 852 926 916 loci
952 854 1010 936 qui
1025 874 1043 919 e
1058 855 1240 937 propinquo
1253 876 1368 919 eorum
1388 862 1461 919 est.
1477 876 1626 941 quaeque
1640 866 1719 923 sunt
1732 878 1855 925 mun·
1920 864 1923 869 '
1947 872 1950 877 '

635 952 714 1015 dum
744 971 850 1014 saeros
878 971 1017 1016 canones
1046 952 1239 1036 inquirenda
1275 974 1341 1016 non
1376 952 1527 1037 neglegat
1556 1002 1565 1018 .
1594 962 1631 1021 et
1658 955 1856 1023 monaeffim

637 1049 793 1112 modestia
818 1068 857 1112 ac
879 1050 1114 1115 monasterialis
1135 1070 1252 1114 census
1274 1052 1487 1115 inconcussus
1508 1059 1608 1135 atque
1631 1052 1858 1121 indiminutus

638 1148 765 1211 existat.
810 1147 979 1231 Ideoque.
999 1149 1190 1212 strenuitate
1215 1148 1306 1212 beati
1334 1149 1421 1213 Petri
1446 1150 1669 1232 apostolorum
1691 1151 1857 1237 principis

638 1245 731 1327 eujus
760 1266 819 1309 nos
848 1246 960 1309 diuina
987 1246 1132 1329 dignatio
1161 1247 1233 1311 uice
1262 1238 1298 1311 et
1326 1248 1509 1311 ministerio
1537 1248 1631 1333 fungi
1660 1249 1826 1335 disposuit
1839 1274 1856 1319 ·.

638 1343 818 1407 Statuimus
838 1352 936 1428 atquo
955 1344 1157 1409 decernimus
1172 1393 1180 1409 .
1193 1346 1293 1427 juxta
1314 1352 1431 1410 cestne
1452 1344 1620 1429 religionis
1633 1356 1750 1413 votum
1762 1396 1772 1415 .
1785 1349 1856 1417 sub

638 1445 807 1529 privilegio
836 1447 934 1529 hujus
963 1447 1146 1531 apostoliea
1184 1447 1307 1512 Christi
1344 1446 1497 1511 aecclesiae
1530 1448 1619 1513 idem
1650 1450 1857 1515 reiterabilin

639 1544 833 1607 monasteria
859 1595 866 1608 .
890 1544 992 1608 donec
1017 1546 1088 1609 Deo
1114 1544 1251 1626 jubente
1279 1544 1485 1627 perstiterint
1509 1566 1729 1628 permanere.
1771 1546 1858 1613 laoci

639 1662 716 1705 vero
746 1643 913 1725 episcopus
943 1643 1002 1725 qui
1029 1664 1049 1706 e
1077 1642 1185 1705 ticino
1218 1642 1424 1706 monasteriis
1453 1641 1578 1707 eisdem
1601 1644 1817 1733 ¹conjungitur
1845 1692 1857 1713 .

640 1741 809 1804 ordinandi
831 1742 1055 1824 presbpterum
1077 1740 1131 1803 vel
1154 1740 1323 1803 diaconem
1347 1760 1445 1823 quem
1468 1740 1623 1805 videlicet
1647 1742 1857 1827 congregatio

641 1860 805 1903 serrorum
820 1840 883 1903 Dei
898 1839 1019 1902 ibidem
1034 1838 1213 1901 constituta
1231 1837 1390 1921 delegerit
1409 1844 1509 1920 atque
1529 1838 1735 1921 poposcerit.
1749 1838 1858 1904 iacul-

642 1946 743 2001 tatcm
766 1937 991 2000 tantuunnodo
1014 1937 1133 1999 habeat
1154 1987 1163 2001 .
1185 1943 1224 1999 ut
1245 1936 1451 2019 congregatio
1471 1935 1607 2019 quidem
1632 1934 1733 2021 eligat
1752 1956 1857 2021 quern

642 2036 792 2098 habitura
816 2044 866 2099 est
888 2034 1109 2098 sacerdotem.
1132 2034 1205 2097 Deo
1223 2033 1373 2097 amabilis
1391 2040 1503 2096 autem
1522 2034 1694 2118 episcopus
1706 2054 1857 2119 qnaequn

643 2134 709 2195 sint
733 2134 804 2195 Deo
826 2132 977 2195 carroniee
998 2131 1215 2215 perquirenda
1235 2179 1245 2196 .
1264 2138 1422 2213 tanquam
1448 2130 1521 2195 Deo
1544 2130 1585 2195 dc
1608 2130 1671 2197 lios
1694 2132 1859 2197 rationem

642 2230 828 2294 redditurus
843 2230 1014 2313 exquirat.
1061 2228 1219 2293 Similiter
1235 2231 1264 2293 si
1285 2230 1437 2292 abbatem
1452 2228 1493 2292 de
1508 2229 1571 2293 hoc
1585 2228 1705 2293 seculo
1718 2229 1859 2315 migrare

644 2328 815 2411 contigerit
836 2378 843 2392 .
867 2328 953 2392 idem
975 2328 1103 2391 vicinus
1124 2327 1295 2410 episcopus
1318 2326 1420 2389 alium
1442 2346 1502 2409 pro
1524 2348 1563 2391 eo
1583 2326 1713 2393 ordinet
1730 2376 1741 2393 .
1756 2346 1860 2412 quem
1885 2406 1892 2415 Ι

644 2427 796 2491 videlieet
810 2427 1012 2510 congregatio
1027 2427 1068 2490 de
1083 2446 1214 2509 corpore
1235 2446 1295 2489 suo
1315 2423 1496 2509 delegerint
1511 2475 1519 2489 .
1535 2434 1569 2489 et
1583 2446 1650 2489 non
1663 2436 1860 2493 extraneum

644 2528 691 2591 eis
713 2526 899 2591 nolentibus
922 2526 1137 2609 superinserre
1158 2523 1300 2587 audeat.
1316 2522 1373 2587 sed
1395 2528 1429 2586 et
1451 2523 1480 2586 si
1502 2523 1617 2606 culpas
1637 2522 1727 2607 quod
1746 2522 1859 2590 absit.

645 2650 726 2712 quas
741 2629 822 2692 sacri
845 2650 983 2693 canones
1003 2628 1156 2690 alulicant
1177 2647 1233 2691 eos
1254 2634 1455 2710 perpetrasse
1476 2626 1666 2709 cognoverit
1678 2674 1689 2690 .
1702 2624 1860 2691 eteocle·

646 2728 795 2791 siasticus
810 2727 926 2810 pnesul
941 2732 1142 2789 connnoueat
1157 2777 1164 2789 .
1180 2733 1214 2789 et
1229 2725 1395 2806 increpare
1417 2744 1483 2786 uon
1507 2724 1660 2789 differat.
1704 2724 1860 2791 Ceteram

646 2827 682 2889 in
697 2827 793 2889 rebus
808 2825 861 2889 vel
883 2824 1122 2908 dispensatione
1144 2845 1253 2887 rerum
1276 2822 1487 2888 monasterii.
1503 2821 1589 2886 nulli
1611 2822 1861 2907 epismpoM.

646 2925 906 3007 presbyterorum
919 2972 926 2986 .
938 2923 992 2985 vel
1006 2923 1213 2985 diaconorum
1228 2920 1282 2985 ccl
1297 2920 1474 3003 cujuslibet
1487 2919 1723 2985 aecclesiastici²
1735 2920 1862 2989 ordini·
1903 2974 1907 2981 .
1960 2958 1967 2969 ·

647 3023 814 3086 licentiam
829 3022 943 3084 danms
959 3021 1122 3103 inquirere
1137 3021 1191 3085 vel
1211 3039 1401 3103 cognoscere
1416 3068 1424 3081 .
1440 3017 1494 3081 vel
1506 3039 1565 3103 pro
1577 3018 1640 3083 hoc
1654 3019 1703 3083 eis
1716 3016 1862 3085 insolen-

648 3122 711 3184 tias
726 3120 851 3204 aliquas
866 3120 1005 3203 irrogare
1021 3171 1028 3184 .
1072 3120 1115 3181 Et
1130 3170 1138 3184 .
1154 3129 1192 3183 ut
1211 3118 1401 3182 summatim
1417 3118 1520 3179 nostri
1535 3116 1657 3180 decreti
1671 3116 1863 3201 designetur

649 3221 811 3283 intentio.
827 3240 898 3301 quac
914 3219 955 3282 ad
977 3219 1165 3282 eanonicam
1184 3219 1351 3302 pertinent
1374 3236 1484 3279 cunun
1499 3264 1507 3278 .
1523 3214 1694 3299 episcopus
1708 3212 1772 3279 loci
1784 3234 1863 3299 pro-

650 3326 741 3382 curet
763 3318 925 3399 inquirere
948 3368 955 3382 .
977 3338 1050 3400 quae
1065 3317 1107 3380 ad
1128 3338 1198 3380 rem
1220 3325 1255 3381 et
1276 3314 1553 3398 dispensationem
1576 3312 1768 3378 monasterii
1787 3332 1864 3397 pcr-

651 3417 758 3478 tinent-
774 3466 779 3477 .
796 3414 963 3497 religiosus
979 3416 1060 3477 alula
1076 3417 1134 3498 qni
1150 3436 1207 3500 pro
1228 3422 1373 3496 tempore
1389 3413 1485 3475 luerit
1500 3461 1509 3474 .
1525 3432 1600 3475 cum
1616 3411 1788 3495 praeposito
1801 3432 1866 3499 sup
1925 3422 1930 3429 '

651 3520 685 3575 et
706 3513 867 3596 prioribus
889 3514 1167 3597 congregationis.
1184 3522 1223 3576 ut
1244 3510 1446 3595 providerint
1469 3510 1623 3593 expedire
1644 3510 1839 3595 disponatur
1852 3558 1866 3579 .

652 3609 790 3674 seientes
817 3609 903 3693 (prod
929 3612 956 3674 si
983 3612 1156 3695 quisquam
1186 3632 1267 3674 ausu
1299 3608 1469 3673 temerurio
1499 3615 1612 3671 contra
1635 3606 1736 3689 hujus
1760 3608 1868 3675 nostri

651 3707 862 3791 privilegialis
885 3707 1005 3771 decreti
1028 3730 1222 3772 censuram.
1246 3707 1341 3785 Quod
1357 3726 1432 3770 cum
1452 3706 1647 3771 urrcton'tate
1666 3704 1756 3769 beati
1773 3704 1868 3773 Petri

652 3805 870 3888 apostolorum
894 3806 1050 3889 principis
1076 3804 1364 3889 promulgabimus³
1386 3806 1421 3867 in
1444 3811 1515 3867 toto
1536 3802 1591 3867 vel
1616 3804 1652 3867 in
1672 3812 1767 3887 parte
1786 3824 1867 3869 con·

654 3903 772 3968 rcllcrc
788 3905 998 3988 temptaverit
1009 3955 1016 3968 .
1028 3906 1193 3969 canonicis
1207 3903 1543 3968 animadversionibus
1557 3902 1759 3985 subjacebit.
1775 3902 1869 3969 Bene

652 4002 783 4068 valete.

655 4166 1185 4215 [aluisse.anti‹1.‚1ono..t<o.lrtuot.
1247 4164 1255 4216 ι
1364 4162 1721 4215 [slusa.suost.‚m,r.m

774 4324 781 4349 ⁸
800 4318 942 4381 l‘ririlegio,
955 4318 988 4370 Β.
1093 4319 1106 4352 ²
1122 4319 1325 4377 helui-ostiae,
1338 4316 1371 4367 Β.
1469 4314 1482 4348 ¹
1500 4316 1731 4381 l'wmulgttlmv,
1745 4312 1780 4367 Β.

1071 4577 1417 4599 η-μ--ι--ι-ιι
