3936 5446
456 480 518 529 an.
533 461 624 547 664]
664 468 777 527 cmm
792 478 834 527 or
849 477 1142 539 u·rr.rrrrnr,n1sc
1157 479 1198 529 cr
1211 479 1278 529 rac
1287 480 1468 533 neaeman
1616 473 1660 538 39

456 636 538 702 alias
567 640 693 700 vestros
722 655 801 699 usus
831 634 1064 701 converteretis
1092 655 1158 701 non
1187 636 1371 703 habuissem
1400 640 1622 709 contradicere
1652 694 1660 711 .

457 741 580 819 quanto
604 734 710 818 magis
734 754 808 797 cum
832 734 865 797 id
888 734 1119 817 proposueritis
1139 734 1173 798 in
1191 734 1428 801 edificationem
1451 736 1606 807 Pcclesire
1627 750 1663 809 et

456 834 491 897 in
506 832 817 915 Augmentationcrn
833 832 1010 915 Religionis
1032 832 1151 898 dirime
1167 885 1174 897 .
1189 834 1288 897 immo
1310 854 1368 918 egc
1392 836 1486 901 faveo
1507 845 1541 903 et
1563 838 1662 906 lando
1738 910 1742 918 ,

456 940 494 995 nt
510 931 696 1015 perficiatur
711 950 748 994 cc
762 930 826 993 loci
841 929 911 995 lnce
926 931 1009 994 bona
1025 937 1058 995 et
1070 930 1243 996 laudabilis
1255 932 1437 1017 [voluntas]
1448 943 1554 1000 vestra
1564 937 1662 1020 juxta

458 1036 600 1093 restrum
616 1028 772 1091 ditionem
789 1028 822 1090 in
839 1028 978 1093 domino.

503 1128 585 1193 llaec
601 1126 696 1190 ncbis
710 1126 804 1190 beato
819 1126 915 1191 Petro
929 1126 1133 1211 principante
1149 1126 1336 1211 principalis
1351 1129 1385 1192 in
1401 1149 1461 1193 sna
1475 1132 1605 1217 regione
1627 1142 1663 1200 et

457 1225 633 1309 specialius
655 1224 801 1287 Romana
823 1225 867 1289 sit
889 1225 1022 1290 ecclesia
1046 1274 1053 1288 .
1077 1224 1130 1289 iric
1152 1246 1333 1309 quaeramus
1356 1228 1464 1310 ipsum
1487 1238 1661 1313 patronum

458 1325 516 1408 qni
533 1325 644 1387 Itomae
659 1344 725 1387 non
739 1344 919 1407 possumus.
965 1325 1040 1387 Non
1057 1323 1149 1388 decet
1163 1325 1263 1388 imnro
1278 1346 1342 1389 non
1358 1326 1492 1409 expedit
1506 1330 1600 1394 nobis
1621 1339 1662 1396 ut

458 1423 528 1487 lraec
544 1422 664 1487 serviat
681 1441 753 1505 (pne
768 1421 831 1486 tide
846 1423 948 1506 ipsius
963 1423 1052 1486 l‘ctri
1069 1421 1200 1486 Christo
1213 1423 1364 1506 regaliter
1377 1424 1572 1507 desponsata
1586 1437 1660 1494 est.

460 1529 476 1554 ‘⁴
491 1521 608 1604 llcges¹
624 1520 793 1604 gencin1n”
808 1520 1021 1584 sitdominus
1036 1521 1133 1583 Petro
1147 1528 1164 1553 “
1176 1541 1194 1583 a
1206 1521 1324 1604 quibus
1339 1523 1507 1607 accipiunt
1521 1527 1661 1593 tributa.

458 1641 478 1682 a
494 1618 569 1683 liliis
585 1641 627 1681 an
643 1618 685 1680 ab
700 1617 816 1682 alienis
829 1619 859 1681 ,ν’
902 1618 985 1681 “Ab
999 1617 1132 1681 alieuis”
1147 1617 1256 1701 inquit
1270 1619 1394 1683 Petrus.
1439 1628 1456 1653 “
1467 1622 1552 1707 Ergo
1567 1624 1661 1691 liberi

459 1727 536 1781 strat
560 1717 637 1780 filii'
653 1716 733 1779 dicit
751 1716 909 1780 dominus.
954 1716 1039 1799 Ergo
1060 1725 1092 1779 ct
1110 1737 1129 1779 a
1152 1716 1245 1780 nobis
1263 1716 1307 1781 sit
1322 1717 1426 1782 libera
1447 1718 1518 1784 inec
1536 1722 1661 1808 Regina

458 1826 563 1879 mater
584 1837 659 1879 emn
684 1814 760 1878 liliis
779 1815 847 1878 suis
869 1814 1028 1877 ministris
1048 1813 1111 1877 Dei
1126 1815 1227 1877 nostri
1249 1863 1256 1878 .
1278 1821 1316 1879 nt
1337 1815 1480 1882 dimissis
1502 1819 1566 1884 lriis
1588 1842 1661 1905 qnae

460 1915 560 1999 llegis
585 1922 682 1978 erant
704 1918 712 1973 Ε
737 1920 805 1976 tota
833 1913 982 1977 libertate
1008 1933 1081 1996 qum
1106 1918 1185 1976 sunt
1210 1913 1274 1977 Dei
1297 1914 1368 1978 Dec
1394 1915 1540 1983 reddant
1584 1920 1662 1985 Alia

459 2033 588 2096 qnomre
619 2011 818 2074 ,llonasteria
841 2031 913 2094 qnae
936 2011 999 2075 Dei
1023 2011 1138 2075 fanruli
1160 2010 1284 2075 Saxulfi
1306 2011 1467 2078 instancia
1488 2026 1664 2103 amurpnrt

460 2131 534 2173 cnm
564 2109 639 2173 aliis
669 2108 825 2172 Ecclesiis
849 2109 999 2173 finitimis
1021 2130 1094 2192 qna·
1118 2108 1269 2193 deinceps
1290 2117 1487 2193 generantur
1514 2164 1522 2179 .
1552 2114 1664 2199 Ilnjns

460 2210 623 2293 primane
655 2208 768 2270 matris
798 2207 976 2271 visceribus
1003 2207 1141 2271 fovenda
1166 2218 1200 2273 et
1225 2208 1391 2273 educanda
1415 2211 1550 2295 pignora
1575 2234 1662 2278 com·

460 2306 673 2372 mendanrns.
686 2305 842 2388 quatinus
857 2306 1044 2369 Christiana
1057 2305 1169 2389 religio
1184 2307 1301 2369 nostris
1311 2307 1453 2390 primum
1463 2312 1663 2394 temporibus

461 2414 608 2470 nostrum
635 2424 771 2487 regnum
797 2404 938 2485 ingressa
963 2409 971 2464 t
997 2404 1117 2487 ubique
1141 2413 1334 2488 propagetur
1358 2408 1566 2473 continuetur
1589 2431 1663 2495 per·

459 2512 614 2589 petnetur
636 2553 644 2566 .
669 2502 765 2565 llanc
780 2500 978 2565 oblationem
993 2512 1137 2565 nostram
1152 2502 1444 2588 beatissimepater
1457 2506 1662 2576 Deusdcdit.

460 2603 637 2689 apostolica
654 2621 752 2664 manu
768 2608 825 2662 tua
841 2600 973 2663 obsecro
988 2599 1196 2683 perhenniter
1209 2601 1404 2667 corrobcmri
1419 2605 1477 2688 qui
1500 2626 1664 2673 successor

460 2702 634 2787 legacionis
651 2700 727 2764 srdei
742 2699 828 2763 beati
846 2698 992 2781 Gregorii
1008 2708 1054 2779 et„
1065 2709 1256 2783 propagator
1277 2701 1455 2786 En·angelii
1478 2706 1566 2788 pacis
1588 2728 1664 2792 pro·

461 2801 635 2865 tcdcctcris
651 2797 753 2862 nostri
770 2797 947 2880 Augustini
962 2807 1075 2861 sextus
1095 2798 1136 2861 ab
1158 2799 1229 2881 ipso
1249 2799 1342 2863 beato
1364 2803 1551 2885 Augustino
1569 2825 1663 2889 apos-

462 2900 579 2963 tolicus
599 2897 741 2961 vicarius
761 2895 913 2979 pra-sides
935 2895 1077 2959 ecelesiae
1096 2896 1357 2962 Dorobemensis
1401 2900 1450 2963 Τιι
1470 2922 1600 2987 qnoque
1617 2905 1664 2969 mi

462 3000 563 3063 trater
574 2992 762 3059 Etlrelredc²
777 3003 810 3057 ct
823 3013 878 3055 vos
893 3014 1016 3057 sciuros
1028 2994 1182 3076 piissimae
1192 2994 1434 3080 Kyneburgaet
1447 2999 1665 3084 lip'neswitlra

461 3117 520 3181 pro
548 3107 664 3158 nunna
694 3092 876 3155 animarum
903 3101 1087 3156 nostrarum
1113 3091 1333 3176 redempt-ione
1357 3095 1434 3159 lnric
1459 3097 1666 3165 Testamenta

463 3203 572 3259 nostro
587 3200 689 3258 testes
704 3190 819 3275 optimi
835 3190 1026 3285 art-primus'
1041 3190 1264 3274 condignicres
1286 3195 1505 3260 conscribite.⁴
1549 3199 1667 3264 Precor

462 3296 564 3359 eciam
595 3310 709 3355 omnes
738 3309 938 3353 successores
966 3309 1056 3352 meos
1081 3338 1089 3352 .
1113 3290 1183 3353 sive
1209 3290 1300 3356 filii.
1327 3293 1395 3357 sive
1420 3295 1538 3360 fratres
1560 3346 1569 3360 .
1595 3299 1666 3364 sire

461 3393 589 3457 externi
613 3391 718 3473 Reges
740 3388 975 3451 successerint.
999 3394 1038 3450 nt
1059 3388 1120 3451 hoc
1142 3396 1288 3453 nostrum
1312 3400 1443 3474 pactum
1467 3394 1513 3457 ita
1535 3405 1668 3463 servent
1690 3460 1697 3471 ‚

464 3491 659 3555 inviolatum
675 3495 683 3549 t
700 3488 786 3551 sicut
800 3485 916 3549 uolunt
939 3486 1079 3569 recipere
1102 3487 1307 3553 rectitudinis
1329 3492 1498 3575 praemium
1513 3544 1521 3557 .
1537 3502 1571 3558 et
1590 3515 1667 3561 eva·

463 3591 540 3654 dere
555 3588 744 3673 rapacitatis
758 3584 964 3668 suppliciunt

507 3686 667 3769 Quisque⁵
690 3694 799 3747 autem
823 3682 974 3746 lenirola
995 3691 1106 3746 mente
1127 3682 1213 3748 hanc
1235 3691 1379 3749 nostram
1401 3687 1610 3756 donationem
1631 3702 1668 3759 ct

462 3786 671 3851 elemosinam
698 3781 897 3864 amplificare
915 3781 1070 3864 satagerit
1091 3784 1100 3841 t
1124 3781 1159 3845 in
1186 3781 1246 3846 hcc
1269 3792 1429 3866 prasente
1452 3788 1570 3852 aeetrlo
1590 3791 1668 3856 titre

462 3885 552 3949 illius
574 3902 727 3968 prospera
750 3879 901 3942 feliciter
915 3886 1096 3961 augeantur
1111 3927 1118 3941 .
1134 3889 1167 3944 ct
1182 3890 1309 3945 retentae
1322 3883 1400 3947 uitae
1413 3885 1533 3966 gaudia
1546 3897 1668 3954 aeterna

464 3982 667 4048 snccedcant.
715 3980 748 4043 Si
765 3978 839 4061 quis
855 3978 955 4061 igitur
969 3976 1126 4041 diabolica
1143 3976 1272 4042 illectus
1287 3981 1449 4062 prauitate
1463 3983 1526 4048 lrcc
1545 3985 1668 4053 donum

463 4082 499 4144 in
535 4078 625 4143 aliud
662 4098 760 4160 qnam
791 4075 878 4159 quod
908 4076 1139 4139 constituimus
1169 4086 1352 4159 pervertere
1381 4080 1516 4147 molitus
1546 4084 1667 4149 inerit!

462 4190 592 4245 manent
606 4178 804 4244 eternaliter
819 4185 965 4239 retrusus
980 4176 1068 4239 inter
1082 4176 1316 4243 flammivomas
1330 4184 1499 4247 aestuantis
1512 4185 1668 4268 gehennae

462 4276 954 4367 incorrupcioneslncnlrre⁰sibi
971 4277 1089 4341 solium
1105 4278 1282 4344 vendicans
1297 4281 1382 4345 inter
1395 4288 1462 4348 tres
1477 4287 1669 4355 nefandissi·

510 4459 519 4492 ¹
537 4458 792 4517 strenuitates
859 4451 871 4484 ⁸
888 4453 1033 4515 ,Edetania
1046 4452 1081 4503 Κ.
1149 4452 1294 4517 Ῥηιυιίἰι,
1306 4457 1415 4520 ’(ΜΒΒῚ
1428 4458 1494 4522 Κ.”;
1513 4461 1586 4528 L13
1605 4466 1668 4522 ιχ

461 4540 473 4569 ⁴
489 4537 658 4596 Subscribite,
671 4533 706 4584 Κ.
805 4530 816 4561 ⁵
832 4531 864 4581 ln
882 4531 952 4594 place
968 4530 996 4579 ot
1012 4531 1065 4579 tlrir
1082 4533 1231 4595 1nragraph,
1243 4534 1303 4582 read
1315 4535 1534 4602 :-“Qnicnnan
1544 4558 1604 4605 ergo
1614 4544 1670 4597 1ης

467 4632 527 4680 qua·
539 4623 627 4663 matra
637 4613 678 4663 rel
689 4617 840 4661 caetemnrm
857 4608 972 4658 tide-lium
990 4608 1129 4657 donatione
1146 4609 1223 4658 lseatc
1238 4610 1316 4659 Petro
1332 4624 1476 4662 munerata
1494 4626 1558 4666 runt
1568 4622 1671 4673 antem

465 4695 505 4742 sel
517 4692 662 4741 diminuere
679 4688 869 4753 presumpserit
887 4686 941 4749 ipse
957 4686 1054 4749 janitor
1063 4685 1122 4733 ercli
1138 4686 1266 4735 diminuat
1282 4688 1340 4751 ejus
1350 4696 1450 4751 purtem
1462 4692 1489 4741 in
1501 4696 1671 4751 retributione

464 4778 577 4825 reb-ma:
593 4768 652 4831 ejus
664 4782 724 4813 sero
735 4765 780 4829 qui
792 4764 846 4813 lrsrc
858 4763 953 4825 largius
968 4762 1069 4810 auxerit
1079 4768 1171 4825 utigr-at
1179 4764 1271 4825 gandia
1285 4766 1570 4835 ternplum-liujus
1579 4777 1670 4831 confir.

465 4846 586 4901 matianis
597 4845 640 4894 iai
651 4850 731 4892 anes
741 4840 946 4901 arriseribuntur,
958 4836 988 4889 l..
1002 4840 1026 4900 l,
1039 4836 1068 4889 l.
1081 4841 1105 4889 2
1170 4836 1182 4867 ⁸
1198 4838 1325 4902 ergrrbrc,
1338 4838 1372 4895 Κ.
