3936 5446
463 492 524 541 nn.
540 475 629 560 625]
802 489 923 538 nra-rm
946 492 988 540 or
1009 491 1090 540 rore
1112 491 1275 541 sommas
1297 491 1327 540 r.
1446 501 1450 509 ·
1615 478 1658 547 27

464 647 634 733 sanguinis
655 647 706 710 sui
728 646 885 710 allusione
907 669 926 710 n
948 647 1089 712 vinculis
1113 647 1279 712 diabolicae
1305 649 1503 731 captivitatis
1526 650 1662 733 eripuitt

465 746 582 811 Multae
604 746 817 830 providentiae
839 745 958 827 quibus
980 746 1159 810 salvaretur
1180 747 1366 830 propinant
1391 748 1544 813 remediat
1576 748 1663 826 Qus·

464 845 567 910 tinus¹
583 844 634 907 sui
649 845 791 908 nominis
805 844 1004 926 agnitionem
1022 844 1148 916 diuerso
1162 845 1256 908 modo
1276 845 1429 930 gentibus
1443 846 1661 911 innotescens!

467 944 655 1008 Creatorem
684 962 783 1006 suum
808 950 958 1026 suscepto
984 941 1175 1008 Christianae
1204 943 1280 1006 iidci
1309 951 1520 1027 agnoscerent
1559 964 1663 1009 sacra·

467 1050 599 1121 ment0;
622 1041 715 1118 Quod
730 1040 881 1123 equidem
896 1041 931 1104 in
946 1047 1060 1105 vestrae
1075 1041 1183 1124 glorias
1197 1043 1343 1106 sensibus
1359 1042 1483 1107 ooelssti
1501 1042 1663 1107 conlatum

466 1160 601 1204 munera
616 1138 753 1222 mystica
767 1139 1017 1221 regenerationis
1032 1147 1146 1203 vestae
1160 1141 1309 1224 purgatio
1332 1147 1481 1223 patenter
1494 1141 1622 1220 innuit;

512 1239 635 1320 Magno
657 1257 731 1320 ergo
753 1235 913 1319 largitatis
936 1236 1103 1301 dominicae
1125 1237 1279 1302 beneficio
1302 1258 1392 1302 nreus
1418 1246 1527 1302 nostra
1547 1237 1664 1323 gaudio

469 1335 650 1398 exultauit!
675 1333 768 1410 Quod
784 1334 959 1398 scintillam
975 1334 1161 1399 orthodoxae
1172 1335 1335 1419 religionis
1350 1335 1385 1399 iu
1399 1336 1499 1401 vestri
1513 1336 1664 1421 diguatus

470 1440 520 1496 cst
535 1429 757 1496 comersione²
768 1431 978 1497 succenderet
1000 1432 1051 1496 Ru
1063 1453 1128 1514 qua
1143 1453 1177 1496 re
1186 1453 1251 1496 non
1266 1431 1371 1496 solum
1381 1433 1511 1517 gloriosi
1522 1433 1665 1517 conjugis

470 1531 570 1594 vestri
587 1531 685 1594 immo
700 1530 800 1594 totius
815 1531 922 1614 gentis
937 1530 1111 1615 subposita
1124 1530 1214 1594 vobis
1228 1529 1496 1614 intelligentiam.
1510 1531 1546 1594 in
1561 1551 1666 1596 amore

471 1629 522 1691 sui
539 1629 633 1692 facila
648 1628 881 1706 iullarnmarat3
904 1628 1087 1691 Didicinms
1102 1648 1242 1711 namque
1262 1628 1474 1692 referentibus
1488 1629 1539 1693 his
1554 1629 1611 1713 qui
1625 1629 1666 1693 ad

472 1747 531 1790 nos
560 1726 691 1809 gloriosi
712 1726 771 1789 lilii
787 1725 889 1788 nostri
911 1724 1085 1789 Eadbaldi³
1108 1726 1192 1808 regis
1210 1725 1406 1790 laudabilem
1429 1727 1667 1791 conversionem

472 1825 666 1887 nunciantes
697 1828 930 1905 peruenerunt!
964 1822 1059 1900 Quod
1085 1823 1183 1888 etiam
1215 1831 1322 1887 vestra
1349 1823 1452 1907 gloria
1480 1823 1668 1888 Christianae

472 1922 548 1986 fidei
572 1929 723 2005 suscepto
752 1921 893 1985 mirabili
920 1931 1119 1986 sacramento
1148 1922 1213 2005 piis
1241 1931 1275 1986 et
1300 1922 1371 1986 Deo
1396 1921 1524 2006 placitis
1549 1923 1671 2006 jugiter

473 2021 624 2103 operibus
640 2020 812 2084 enitescat!
836 2020 889 2084 Ab
900 2019 1059 2084 idolorum
1075 2019 1173 2085 etiam
1193 2019 1284 2084 cultu
1306 2040 1363 2085 scu
1379 2021 1525 2084 sanorum
1543 2022 1669 2105 auguri·

473 2140 631 2202 omnaque
653 2117 822 2182 inlecebris
847 2139 883 2183 se
905 2117 1077 2204 diligenter
1101 2118 1282 2183 abstineat!
1305 2119 1362 2182 Eu
1385 2120 1432 2182 ita
1446 2119 1480 2182 in
1496 2139 1601 2184 amore
1622 2139 1670 2184 re·

473 2217 651 2301 demptoris
678 2217 728 2281 sui
754 2217 955 2280 innrutilata⁵
983 2216 1153 2282 devotione
1179 2217 1352 2300 persistens
1374 2217 1537 2302 invigilet!
1560 2218 1609 2282 Ut
1629 2218 1670 2282 ad

474 2316 675 2384 dilatandam
698 2315 917 2380 Christianam
934 2315 1029 2379 tidem
1057 2315 1290 2380 incessabiliter
1304 2336 1369 2380 non
1384 2315 1518 2380 desistat
1531 2315 1672 2400 operam⁸

475 2414 696 2491 commodam

520 2514 669 2596 Cumque
684 2511 725 2574 de
740 2511 878 2594 glorioso
892 2511 1028 2596 conjuge
1043 2519 1151 2575 vestro
1164 2518 1301 2595 paterna
1316 2511 1432 2575 caritas
1447 2511 1582 2576 sollicite
1601 2532 1672 2596 per-

475 2612 646 2695 quisisset!
673 2610 892 2692 Cognovimus
912 2609 1000 2694 quod
1022 2617 1155 2674 eatenus
1178 2608 1402 2674 abominandis
1417 2609 1511 2673 idolis
1532 2610 1673 2676 serviens

398 2759 400 2763 <
476 2710 517 2773 ad
544 2708 783 2793 suscipiendam
815 2729 928 2772 vocem
949 2707 1193 2792 pradicatomm
1226 2729 1318 2771 suam
1344 2708 1506 2772 distulerit
1526 2708 1676 2773 obedien·

478 2808 560 2872 tiam
576 2806 747 2884 exhibere;
770 2807 842 2884 Qua
864 2828 904 2870 ex
925 2827 959 2870 re
972 2827 1035 2869 non
1059 2805 1185 2870 modica
1207 2806 1301 2870 nobis
1327 2806 1505 2870 amaritudo
1527 2816 1675 2890 congesta

479 2913 530 2969 est
544 2906 585 2970 ab
600 2927 639 2969 eo
654 2905 741 2989 (parad
755 2925 830 2988 pars
845 2905 986 2988 corporis
1005 2904 1103 2968 uestri
1126 2904 1168 2968 ab
1183 2904 1345 2988 agnitione
1365 2924 1498 2968 summm
1512 2909 1546 2968 et
1559 2903 1676 2969 indivi-

477 3005 550 3069 duae
574 3003 734 3067 trinitatis
760 3003 916 3066 remansit
940 3007 1113 3067 extranea!
1144 3002 1241 3067 Unde
1263 3003 1408 3086 paternis
1426 3003 1539 3067 officiis
1563 3010 1676 3068 uestrae

477 3103 623 3187 gloriose
639 3102 883 3167 christianitati
905 3109 1049 3165 nostram
1071 3101 1368 3165 commonitionem'
1390 3101 1469 3166 non⁸
1493 3100 1678 3167 distulimus

479 3201 706 3266 consercmlam
730 3200 957 3264 adhortantes!
981 3200 1165 3278 Quatinus,⁰
1180 3200 1298 3265 divinae
1314 3200 1532 3285 inspirationis
1553 3201 1677 3266 imbuta

480 3301 632 3364 subsidiis
658 3300 843 3382 importune
867 3308 901 3363 ct
924 3297 1108 3382 oportunc¹⁰
1129 3299 1289 3382 agendum
1319 3319 1384 3362 non
1407 3299 1550 3362 differas!
1573 3299 1622 3364 Ut
1644 3306 1678 3365 et

480 3399 549 3482 ipse
568 3399 738 3462 saluatoris
758 3398 859 3461 nostri
883 3397 1005 3461 domini
1025 3397 1130 3460 Jhesu
1157 3397 1278 3461 curristi
1303 3405 1491 3480 cooperante
1511 3398 1655 3480 potentia
1668 3449 1696 3465 ..

482 3498 740 3562 Christianorum
763 3516 897 3559 numero
928 3495 1114 3578 eoprdetur!
1148 3496 1196 3560 Ut
1226 3493 1358 3578 perinde
1388 3495 1576 3559 intemerato
1599 3497 1678 3560 soci·

481 3597 579 3660 etatis
604 3595 722 3658 imulare
742 3594 816 3675 jura
840 3603 951 3657 teneas
975 3593 1133 3656 maritalis
1148 3593 1320 3672 consortii;
1350 3592 1512 3676 Scriptum
1541 3613 1680 3677 namque

482 3704 552 3774 est3
573 3692 722 3757 “erunt¹¹
745 3691 810 3754 duo
840 3692 875 3755 in
901 3712 997 3757 earne
1027 3690 1132 3769 nua'';
1155 3691 1321 3769 Quomodo
1350 3712 1424 3776 ergo
1453 3691 1562 3755 unitas
1589 3692 1680 3756 uobis

421 3872 425 3879 .
482 3790 720 3874 conjunctionis
736 3790 840 3853 inesse
855 3790 920 3853 diei
931 3790 1070 3873 poterit}
1094 3790 1129 3853 Si
1145 3811 1164 3852 a
1178 3798 1292 3853 vestra
1308 3787 1383 3853 ndei
1397 3788 1567 3873 splendore
1581 3789 1680 3855 inter·

482 3892 597 3974 positis
613 3887 814 3952 detestabilis
829 3888 944 3951 erroris
960 3888 1102 3952 tenebris
1123 3887 1178 3951 ille
1194 3888 1382 3951 remanserit
1393 3886 1540 3952 alienus?
1584 3888 1680 3954 Unde

482 3989 622 4053 orationi
650 3987 812 4050 continua·
841 3986 995 4049 insistens
1025 4008 1044 4049 a
1068 3986 1312 4070 longanimitate
1342 3985 1479 4048 ooelestis
1503 3985 1679 4050 clementiae

483 4085 732 4151 illuminationis
748 4084 850 4167 ipsius
863 4083 1020 4147 beneficia
1036 4085 1206 4169 impetmre
1222 4104 1286 4147 non
1301 4083 1445 4147 desinas!
1469 4084 1518 4149 Ut
1532 4083 1681 4150 uidelicet

484 4205 566 4269 qnos
581 4183 745 4266 copulatio
760 4180 898 4244 earnalis
909 4181 1045 4245 affectus
1061 4202 1163 4244 nnmn
1179 4181 1318 4265 quodam
1333 4180 1427 4245 nrodo
1443 4201 1556 4265 coquus
1570 4181 1680 4246 exhib-

484 4283 571 4346 uisse
586 4283 801 4344 monstratur!
825 4277 895 4340 Hos
917 4298 1047 4361 quoque
1070 4280 1180 4341 inritas
1204 4279 1277 4342 fidei
1295 4279 1393 4343 etiam
1408 4291 1482 4362 post
1495 4278 1592 4361 hujus
1606 4280 1681 4344 sitae

485 4380 659 4445 transitum
683 4379 716 4441 in
740 4385 895 4460 perpetrm
917 4376 1070 4439 societate
1092 4383 1279 4454 conseruct3
1306 4376 1424 4439 Insiste
1454 4396 1528 4459 crgo
1548 4375 1682 4460 gloriosa

534 4524 543 4557 ¹
558 4525 700 4585 Quatenus,
714 4518 747 4570 Β.
878 4517 889 4551 ²
905 4519 1078 4578 Conlesmone,
1095 4517 1127 4568 Β.
1257 4518 1268 4549 ¹
1285 4518 1435 4579 Esdubaldi,
1447 4519 1494 4567 bnt
1506 4537 1522 4566 aa
1534 4520 1628 4582 erud,
1639 4520 1685 4580 Α.;

485 4601 643 4659 Audulnldi,
670 4597 715 4660 Β.;
746 4596 865 4658 mutatui,
886 4594 923 4648 0.
1087 4596 1160 4657 ‘Ut
1183 4594 1217 4647 Ο.
1379 4593 1572 4658 'lmmutilata
1597 4595 1628 4647 Β.
1648 4597 1684 4650 C.

512 4680 604 4742 Opera,
615 4675 652 4728 C.
783 4672 794 4705 ¹
813 4673 1030 4735 Admonitionem,
1041 4670 1077 4724 0.
1210 4670 1222 4702 ⁸
1236 4672 1297 4734 Nec,
1310 4669 1342 4722 Β.
1472 4672 1485 4702 ⁰
1500 4672 1638 4736 Quatenus,
1652 4673 1683 4727 Β.

484 4753 506 4788 ‘⁴'
520 4756 681 4822 Opportune,
695 4750 728 4802 Β.
741 4750 777 4803 0.
877 4748 896 4781 ¹¹
915 4752 980 4800 een.
990 4750 1017 4812 li,
1029 4753 1070 4802 24.
