3936 5446
473 414 536 465 aa.
550 398 641 485 709]
817 418 950 469 nantem
970 421 1014 472 ro
1035 422 1154 473 manoe
1174 424 1336 479 reanum
1614 420 1681 487 181

478 808 550 873 124.
568 807 672 871 Graat
686 806 725 892 by
738 808 876 887 Kmrcd,
889 812 980 893 Kiaq
993 811 1034 894 os
1042 809 1092 873 dcc
1105 808 1272 886 Modum,
1285 810 1325 894 of
1339 810 1421 875 laad
1433 818 1470 877 αἱ
1490 812 1685 901 Ulcabeorye,

557 928 594 972 or
610 908 801 985 Oldbarrow,
815 930 854 975 co.
866 908 1035 985 llbrccstca
1049 914 1079 972 to
1092 907 1212 993 Bialwp
1225 907 1378 990 saetae
1421 926 1490 977 u).
1504 910 1579 981 709.

523 1088 563 1167 ›1‹
587 1084 856 1149 Subthronizatus
877 1086 977 1171 regali
992 1084 1073 1150 solio
1087 1090 1121 1149 et
1135 1084 1321 1169 sceptrifera
1333 1083 1480 1154 ‘ditione'
1494 1110 1555 1174 per
1566 1100 1686 1177 panto-

478 1183 611 1247 emtoris
637 1183 855 1259 inedicibilem
882 1180 1287 1269 potentiam*sulli1natus'
1310 1206 1369 1271 ego
1395 1186 1603 1255 limatus¹
1624 1212 1684 1259 rex

479 1282 675 1345 Merciomm
701 1284 804 1367 ipsius
827 1284 952 1348 eximia
974 1282 1205 1346 munificentiae
1226 1283 1329 1353 refero
1350 1284 1531 1353 indefessas
1551 1296 1685 1373 grates.

478 1382 536 1464 qni
550 1380 617 1443 alta
631 1430 640 1443 .
654 1380 783 1445 media.
799 1402 875 1465 yma
889 1401 1028 1465 superno
1042 1388 1127 1443 nutu
1140 1379 1306 1463 gubernat
1329 1382 1503 1449 Potissime
1517 1385 1553 1449 id
1567 1406 1685 1455 censeo

398 1470 402 1477 ’
479 1480 548 1543 lore
569 1485 676 1541 ratum
700 1478 785 1543 dixis
806 1480 1019 1543 mortalibus.
1035 1478 1112 1563 quia
1132 1478 1274 1541 sontium
1296 1479 1595 1565 protlaoplastorum
1611 1486 1685 1571 pia-

479 1578 590 1641 culum
616 1577 762 1660 expiavit
790 1626 799 1641 .
828 1584 862 1641 et
890 1576 1094 1642 chelindrum
1123 1575 1349 1641 veneniferum
1376 1579 1484 1645 inerte
1513 1580 1685 1649 laetantem

479 1677 662 1742 destruxit.
678 1675 755 1739 data
769 1695 848 1758 pace
862 1675 1010 1759 supernis
1025 1682 1058 1737 et
1072 1672 1188 1737 mediis
1207 1674 1354 1739 civibus.
1370 1682 1410 1739 ut
1431 1676 1540 1743 laralia
1561 1678 1686 1767 eligant

480 1795 679 1839 sunmmrum
695 1774 910 1837 consortium.
923 1770 1103 1855 respuendo
1117 1772 1183 1834 ima
1197 1820 1205 1835 .
1222 1771 1383 1848 Quoniam
1398 1778 1557 1842 assuescit
1569 1779 1687 1845 micro
1770 1850 1774 1861 ,

480 1894 608 1939 cosmus
622 1872 753 1955 superni
768 1870 996 1955 regisxultum
1011 1869 1174 1933 laetificare
1188 1868 1376 1954 dapsilitate
1389 1882 1529 1940 tenena.

527 1972 647 2037 iccirco
669 1970 865 2053 astipulatus
886 1968 1073 2037 monarchia
1094 1968 1246 2033 Albionis
1271 1971 1362 2052 regui
1385 1970 1538 2057 celsoque
1556 1976 1690 2063 fastigio

482 2070 634 2143 culminis
658 2069 826 2132 roboratus
847 2119 856 2134 .
878 2088 942 2130 non
965 2066 1071 2130 solum
1093 2065 1252 2131 aecclesias
1271 2066 1325 2131 vel
1347 2069 1516 2135 arcisteria
1535 2084 1692 2157 quassata

482 2168 702 2233 desideramus
717 2167 865 2230 renovari
879 2216 887 2230 .
903 2165 1052 2229 donando
1066 2184 1141 2247 quaa
1156 2164 1249 2229 nobis
1264 2164 1381 2231 collata
1402 2176 1484 2233 sunt
1504 2192 1525 2235 a
1546 2172 1690 2239 Sabaoth

483 2279 639 2353 perpetuo
672 2287 787 2329 rerum
824 2265 921 2329 etiam
959 2263 1235 2347 praestantissimis
1269 2265 1480 2347 pontificibus
1512 2278 1547 2334 et
1575 2270 1690 2339 amieis

486 2367 635 2429 volumus
650 2364 805 2435 munifico
823 2363 917 2427 corde
939 2362 1075 2445 largire.
1091 2362 1245 2444 quatinus
1260 2362 1420 2427 fideliores
1434 2366 1544 2431 effecti
1557 2368 1693 2437 valeant
1776 2400 1779 2405 ·

484 2464 652 2529 honestius
676 2463 751 2524 ritae
773 2461 872 2541 hujus
897 2472 1041 2543 tempora
1066 2467 1203 2523 tractare
1226 2459 1373 2525 viventes
1399 2462 1582 2545 gloriose.'
1605 2468 1691 2535 Sane

486 2560 641 2646 quonium
661 2568 749 2623 carta
765 2566 929 2622 carraxata
945 2557 1095 2620 subsistit
1108 2604 1116 2620 .
1127 2556 1214 2639 quod
1224 2576 1261 2621 os
1271 2557 1360 2621 satur
1370 2562 1490 2626 transit
1502 2612 1510 2627 .
1521 2572 1694 2649 propterea

491 2660 643 2741 irtsimrire
665 2656 830 2740 perplacet
854 2656 941 2739 qued
962 2654 1114 2718 volumus
1135 2655 1264 2719 cuidam
1283 2666 1393 2721 nostro
1415 2658 1507 2725 fideli
1528 2662 1635 2729 aeneo
1657 2672 1694 2731 at

490 2758 635 2845 leontina-i
667 2754 839 2819 ΕσιϊιιὉ2
866 2754 1030 2838 (parandam
1059 2760 1183 2837 partem
1212 2762 1306 2819 terrae
1334 2756 1512 2823 concedere
1539 2808 1549 2823 .
1578 2760 1615 2825 id
1643 2772 1696 2828 cst

489 2859 633 2921 bissenos
659 2874 751 2937 agros
772 2903 780 2917 .
803 2874 899 2937 (pram
923 2852 1036 2916 incolae
1058 2852 1192 2934 hujusce
1216 2853 1355 2934 regionis
1376 2853 1424 2918 sic
1454 2855 1604 2921 vocitant
1627 2860 1696 2925 Aet

494 2958 717 3021 Utnxntonns
731 3004 739 3016 .
755 2974 852 3037 quam
875 2974 893 3015 a
915 2973 968 3016 me
991 2974 1006 3036 1·
1014 2950 1110 3013 lacita
1126 2950 1308 3014 obedientia
1321 2951 1485 3036 dignoque
1507 2956 1614 3021 officio
1632 2958 1697 3023 im·

490 3056 630 3139 petmrit
650 3104 659 3119 .
679 3062 778 3135 utque
799 3060 889 3136 gauto
911 3050 1087 3134 adquisivit
1111 3050 1225 3132 praetio
1243 3099 1250 3113 .
1270 3049 1422 3115 donando
1442 3072 1583 3135 pomum
1604 3056 1698 3125 librae

490 3156 560 3219 aeni
576 3154 741 3237 purissimi
764 3152 849 3234 quod
872 3172 964 3234 aqua
986 3151 1077 3215 lance
1094 3152 1288 3214 trutinatum
1309 3152 1592 3237 ponderatumque
1612 3174 1698 3241 prm·

491 3256 622 3337 cipuurn
648 3250 790 3315 reddidit
816 3250 993 3313 talentum.
1041 3250 1234 3315 Tribuamus
1258 3251 1307 3315 illi
1336 3253 1379 3315 ob
1408 3252 1605 3319 tenentium
1629 3276 1698 3323 suae

491 3352 678 3417 reverentiae
694 3360 730 3412 ut
747 3350 791 3413 sit
805 3349 862 3413 illa
877 3360 961 3413 terra
975 3350 1078 3413 libem
1099 3350 1140 3413 ab
1161 3350 1367 3434 expeditione
1381 3358 1416 3415 et
1430 3353 1517 3418 arcis
1530 3364 1699 3421 condruc-

490 3454 580 3517 tioue
606 3457 640 3515 et
665 3449 774 3533 pontis
797 3450 1002 3513 renovatione
1018 3499 1025 3513 .
1044 3456 1079 3513 et
1100 3456 1173 3533 post
1194 3449 1330 3533 eclipsin
1344 3449 1445 3533 hujus
1461 3450 1607 3519 fallentia
1621 3454 1700 3527 uitae

492 3551 699 3632 derelinquat
713 3548 749 3611 iu
764 3548 898 3611 cenobio
916 3547 1004 3631 quod
1019 3548 1201 3611 constnrxit
1222 3548 1257 3612 iu
1279 3547 1434 3613 bonorem
1449 3560 1570 3615 saneae
1585 3550 1701 3619 Mariae

491 3660 535 3714 aet
560 3650 691 3713 Hostus
716 3697 723 3711 .
751 3667 808 3730 pro
834 3646 1053 3730 redemptione
1082 3646 1263 3711 aniruarum
1291 3654 1475 3711 nostrarum
1499 3698 1509 3715 .
1531 3656 1572 3715 ut
1599 3650 1701 3717 simul

493 3768 619 3813 sumere
640 3748 675 3809 in
698 3755 844 3809 extremo
865 3745 1014 3809 examine
1029 3744 1195 3809 valcamus
1210 3752 1371 3829 perpetuae
1391 3746 1510 3812 salutis
1529 3746 1701 3815 dmmrium

492 3852 656 3913 crescente
670 3864 793 3908 corona.

538 3950 573 4013 Si
597 3948 671 4031 quis
693 3954 802 4009 autem
824 3944 908 4009 hanc
930 3956 1073 4011 nostram
1094 3945 1301 4011 donationem
1320 3968 1339 4011 a
1359 3947 1455 4013 nobis
1474 3948 1632 4015 traditam
1649 3950 1702 4015 in·

494 4048 635 4129 iringere
658 4044 865 4128 temptaverit
881 4094 888 4107 .
903 4046 1085 4129 confringat
1107 4046 1197 4109 Deus
1212 4066 1346 4128 regnum
1369 4055 1403 4110 et
1424 4048 1608 4131 potentiam
1629 4050 1702 4133 eju·

496 4156 526 4209 et
543 4146 597 4209 hie
613 4154 643 4207 et
661 4144 695 4206 iu
712 4144 821 4205 futuro
837 4141 955 4205 saeculo
966 4194 974 4207 .
986 4156 1019 4205 ct
1034 4152 1133 4226 ponat
1145 4154 1270 4227 purtem
1285 4143 1376 4207 illius
1387 4164 1464 4208 cum
1473 4144 1564 4209 duda
1575 4146 1703 4211 infideli

496 4246 661 4307 traditore.
707 4242 741 4305 Si
764 4240 837 4323 quis
859 4250 969 4303 autem
991 4242 1149 4305 seruando
1169 4262 1284 4325 augere
1299 4241 1439 4305 voluerit
1455 4290 1464 4305 .
1478 4254 1597 4327 augeat
1611 4244 1704 4310 Deua
1738 4298 1745 4309 .

496 4352 620 4427 partem
636 4340 724 4403 illins
738 4360 812 4403 cum
825 4338 911 4401 fideli
923 4338 1046 4403 latrone
1060 4341 1119 4423 qui
1134 4341 1253 4404 uaeruit
1267 4340 1398 4405 audire.
1418 4340 1564 4406 “Hodie“
1573 4362 1702 4409 naccum

496 4442 610 4505 eris-in
625 4436 799 4521 μιιιιιίἰεο.η

543 4543 627 4603 Aeta
647 4545 723 4600 sterit
742 4536 822 4599 baec
842 4555 926 4598 aurio
953 4535 1123 4601 dominicae
1151 4537 1384 4601 incarnationis
1405 4587 1415 4602 .
1438 4538 1586 4603 occ.1x⁴
1599 4538 1706 4605 indic-

532 4688 697 4749 ¹Cenredun
711 4684 746 4736 Κ.
844 4681 980 4749 ’lignium
994 4683 1029 4735 Κ.
1127 4682 1216 4735 ’tue
1229 4685 1300 4748 xxiii,
1311 4686 1351 4737 48.
1458 4685 1672 4749 ⁴300·an
