3936 5446
451 380 513 429 an.
529 362 619 448 680]
706 379 831 428 armen
845 380 887 428 or
901 380 984 429 rore
997 380 1134 432 aetrno
1147 382 1192 432 ru
1205 378 1398 430 munna.
1609 366 1653 434 75

452 535 552 600 etiarn
567 534 609 600 ad
623 536 796 601 vertendus
810 537 975 619 subjectos
989 538 1081 605 vobis
1095 558 1186 625 reges
1201 543 1236 603 et
1248 535 1386 622 populos
1399 534 1476 601 fidei
1490 535 1600 602 balteo
1614 542 1655 603 ut

454 634 531 697 boui
547 634 688 699 ministri
703 635 826 700 Christi
841 656 900 701 res
915 637 1111 704 accinxistis
1354 664 1364 677 ·

499 732 647 816 Cumque
666 732 701 795 in
722 732 876 797 aecclesiis
893 741 928 799 et
948 736 1147 819 baptisteriis
1167 733 1356 799 extruendis
1374 732 1496 817 quibus
1515 732 1656 817 populus

455 829 683 914 adquisitionis
705 832 768 895 Dei
791 833 1053 917 multiplicetur,
1071 834 1188 899 devote
1210 833 1365 897 laboretis
1380 882 1389 907 ,
1402 831 1490 896 hane
1510 831 1655 897 ueritatis

455 937 571 994 restrae
586 929 785 1014 flagrantiam
798 931 991 997 iarrriliarius
1001 933 1228 1016 amplectimur
1239 931 1346 1016 ‚quod
1359 930 1401 995 de
1415 930 1560 995 aecclesia
1567 929 1656 996 beati

456 1027 546 1092 Petri
571 1049 670 1111 quarn
695 1050 714 1091 a
745 1028 828 1092 De0¹
855 1031 1055 1113 primitivam
1084 1031 1251 1093 abbatiam
1284 1028 1423 1093 cernetis
1455 1028 1492 1092 in
1527 1028 1656 1115 regione

456 1126 558 1191 vestri
578 1126 703 1209 imperii
720 1148 814 1211 ,quae
834 1136 885 1192 est
904 1128 1216 1193 Mediterraneorum
1236 1127 1442 1212 Auglorum,
1460 1126 1497 1190 in
1512 1126 1585 1191 loeo
1598 1126 1658 1211 qni

457 1225 640 1309 appellatur
658 1225 959 1289 llssursrmusrrnn
982 1226 1167 1310 praeclaram
1191 1276 1200 1301 ,
1219 1234 1286 1289 tarn
1302 1224 1460 1289 benevola
1472 1234 1550 1289 rota
1564 1224 1658 1290 nobis

456 1324 544 1407 regia
559 1323 683 1387 scilieet
697 1323 859 1407 legatione
873 1325 1114 1388 mandaveritis
1151 1324 1250 1387 Hane
1260 1326 1382 1408 quippe
1396 1375 1406 1401 ,
1418 1328 1459 1388 ut
1471 1323 1659 1408 perhibetis,

437 1430 673 1500 ,antecessores
684 1424 785 1486 rostri
796 1431 831 1487 et
843 1423 958 1487 imtres
968 1421 1236 1487 Cluistianissimi
1246 1444 1304 1507 per
1314 1421 1533 1487 venerabilem
1541 1420 1660 1497 virum,
1714 1430 1717 1435 ’

458 1541 562 1603 nuper
583 1520 733 1584 abbatem
756 1542 845 1585 nuuc
860 1521 1058 1585 sacerdotem
1069 1571 1077 1596 ,
1087 1519 1260 1584 &amilium
1274 1521 1425 1603 regaliter
1438 1518 1610 1583 condidere
1624 1526 1659 1584 et

458 1639 567 1682 umore
581 1618 668 1681 beati
683 1619 770 1683 Petri
786 1620 947 1703 praecipue
962 1619 1090 1684 coluere
1104 1618 1208 1695 ,lianc
1223 1618 1311 1701 regia
1324 1617 1474 1702 largitate
1488 1630 1614 1681 necnon
1628 1624 1663 1681 et

458 1716 609 1780 libertate
627 1718 715 1799 regia
737 1738 811 1781 eum
835 1718 995 1801 privilegii
1017 1708 1287 1801 descriptionibus
1308 1716 1480 1800 gloriosius
1501 1714 1665 1796 extulere3

459 1814 545 1879 hauc
566 1822 677 1879 etrus
702 1815 874 1879 clarissimi
896 1816 956 1879 filii
982 1837 1048 1879 nou
1069 1815 1187 1878 minori
1209 1815 1334 1879 serrare
1356 1814 1474 1900 regalis
1494 1813 1661 1879 industriae

461 1912 562 1976 vultis
578 1913 721 1976 Ronrarra
736 1922 770 1977 et
784 1914 960 1997 apostoliea
972 1915 1163 1977 auctoritate
1183 1920 1295 1977 contra
1310 1933 1423 1977 ornnes
1437 1913 1578 1996 impetus
1591 1932 1664 1995 pru-

461 2012 571 2075 eellosi
600 2012 715 2075 mundi
744 2022 901 2097 perpetuo
924 2012 1044 2076 muniri
1066 2063 1076 2087 ,
1097 2013 1197 2075 immo
1219 2009 1332 2075 etiarn²
1359 2016 1523 2094 quantum
1551 2018 1602 2075 est
1627 2010 1663 2073 in

462 2111 553 2175 robis
575 2120 721 2195 prorupta
738 2113 837 2175 vestri
858 2111 1085 2176 benevolentia
1107 2112 1286 2174 Romanam
1308 2117 1343 2173 et
1363 2108 1573 2192 apostolieum
1594 2130 1667 2174 earn

462 2209 566 2274 lacere
582 2261 590 2285 ,
604 2209 660 2272 ubi
686 2209 818 2274 beatum
846 2210 1004 2287 Petrum,
1024 2210 1118 2273 uobis
1143 2207 1277 2292 quidem
1303 2228 1435 2291 corpore
1450 2208 1565 2285 ,robis
1589 2228 1667 2273 reru

462 2309 588 2391 spiritu,
614 2328 740 2391 semper
763 2319 955 2392 pneserrtem
977 2307 1192 2392 possideatis,
1213 2307 1272 2370 ubi
1293 2314 1327 2370 et
1348 2306 1476 2370 arabis
1498 2315 1533 2371 et
1555 2328 1576 2370 a
1596 2314 1666 2371 toto

463 2428 560 2491 reguo
574 2413 682 2471 restro
697 2428 735 2471 ae
749 2408 778 2470 si
794 2408 904 2471 Itomae
914 2407 1096 2490 requiratur
1107 2413 1141 2469 et
1155 2407 1219 2489 piis
1231 2406 1498 2469 venereturiotis
1513 2405 1666 2473 fidelium.

463 2509 610 2590 Apparet
626 2507 778 2569 nimirum
794 2526 852 2571 vos
874 2528 944 2572 esse
966 2508 1119 2572 intimum
1139 2509 1245 2571 tilium
1258 2509 1358 2592 hujus
1372 2529 1445 2592 quae
1459 2508 1561 2573 totius
1582 2507 1668 2573 orbis

464 2614 567 2669 mater
582 2611 632 2669 est
642 2604 831 2687 principalis
840 2605 1054 2669 aeclesiarum
1070 2615 1104 2669 et
1119 2606 1226 2689 ipsum
1238 2608 1308 2687 ejus
1318 2604 1505 2690 praesidium
1519 2604 1669 2671 affectare

463 2712 636 2786 patronum
651 2703 707 2785 qui
724 2703 876 2786 clavigeri
893 2714 1052 2786 potestate
1067 2705 1158 2767 robis
1172 2706 1297 2787 aperiat
1312 2723 1411 2787 regna
1425 2703 1587 2767 coelorunn

509 2801 711 2884 Quapropter
728 2821 793 2864 nou
806 2801 911 2864 solum
927 2802 1109 2866 voluntarie
1120 2803 1178 2866 sed
1194 2809 1228 2866 et
1243 2803 1387 2867 maxime
1401 2803 1522 2887 gratias
1536 2812 1668 2887 agentes

464 2901 638 2964 ammimus
669 2900 730 2982 piae
746 2914 861 2963 restae
891 2901 1060 2984 petitioni3
1095 2903 1252 2984 quatinus
1280 2902 1434 2986 pradicta
1463 2903 1607 2969 aeclesia
1634 2905 1670 2969 in

465 2998 746 3063 Medeslramstede
762 3050 770 3073 ,
784 3000 869 3062 sieut
885 3000 970 3083 regia
994 3002 1187 3064 auctoritate
1210 3002 1296 3085 regia
1311 3052 1320 3077 ,
1335 3002 1382 3064 ita
1404 3002 1581 3085 apostoliea
1594 3024 1671 3067 oon·

466 3098 647 3162 linuatioue
662 3098 704 3160 sit
719 3097 894 3179 apostolica
908 3122 916 3176 ;
938 3099 981 3161 sit
991 3099 1033 3161 ab
1048 3100 1137 3163 omui
1151 3100 1309 3163 servitute
1323 3099 1472 3164 saecrdari
1486 3100 1589 3165 libera
1602 3152 1612 3179 ,
1625 3102 1673 3167 ita

398 3197 402 3203 '
467 3196 618 3260 videlicet
644 3206 682 3259 ut
704 3196 977 3279 quemadmodum
998 3218 1056 3261 ros
1075 3198 1223 3262 dictastis
1238 3248 1247 3272 ‚
1261 3219 1321 3263 nec
1344 3219 1401 3262 rex
1426 3218 1486 3262 neo
1505 3200 1674 3284 episeopus

467 3320 527 3363 uec
541 3318 658 3382 praeses
680 3298 799 3380 aliquis
821 3299 931 3361 abluti
952 3299 1053 3382 ipsius
1068 3310 1142 3382 post
1162 3299 1354 3364 electionem
1377 3300 1528 3364 aeclesis
1542 3308 1577 3365 et
1589 3304 1674 3387 regis

466 3418 630 3460 assensum
647 3396 821 3479 quicquam
845 3399 965 3460 terreni
987 3398 1094 3461 orieris
1109 3399 1280 3481 injungat3
1300 3416 1366 3461 nou
1382 3420 1498 3462 census
1514 3449 1522 3474 ,
1536 3420 1600 3464 uon
1616 3400 1674 3464 tri·

466 3499 582 3560 lurtum
606 3548 613 3571 ,
637 3516 700 3558 nou
721 3494 837 3557 militia
863 3546 870 3569 ,
897 3517 960 3558 riou
986 3496 1096 3579 aliqua
1121 3517 1268 3579 uuquam
1290 3498 1458 3561 servitutis
1481 3498 1605 3562 ocutsio
1634 3498 1701 3563 do'

467 3595 617 3658 ‹irrruibus
634 3593 728 3655 rebus
750 3592 790 3655 ad
807 3594 910 3675 ip-am
926 3594 1100 3657 aeclesiam
1117 3596 1357 3677 pertinentibus
1372 3593 1425 3658 vel
1441 3596 1475 3658 in
1491 3598 1676 3681 magnevol

466 3694 501 3756 iu
516 3693 652 3757 minimo
667 3694 708 3755 ab
723 3692 791 3755 ullo
813 3694 961 3777 exigatur
977 3746 985 3769 ,
999 3696 1154 3777 ‹pratinus
1177 3696 1239 3759 sul)
1260 3718 1334 3777 rege
1348 3718 1409 3760 suo
1428 3697 1595 3761 defensore
1611 3718 1675 3762 nun

469 3804 607 3875 tyranno
622 3792 721 3855 libere
738 3792 868 3855 Christo
884 3792 943 3855 suli
959 3793 1126 3857 deserviat.
1172 3794 1350 3878 Episcopus
1372 3816 1502 3879 quoque
1516 3795 1677 3860 dioceseos

470 3912 535 3955 nou
558 3900 637 3973 typo
660 3892 856 3974 prelationis
872 3892 927 3953 sed
949 3893 1054 3955 allicio
1074 3894 1218 3957 caritatis
1231 3892 1310 3957 huie
1325 3914 1359 3957 se
1374 3893 1543 3976 impendat
1556 3944 1566 3969 ,
1579 3893 1677 3957 aldu-

471 4004 601 4075 temque
616 3992 738 4074 ipsius,
753 4012 790 4052 ac
805 3991 833 4051 si
850 3990 1032 4053 Itsuuanum
1046 3991 1189 4075 legatum
1201 4001 1235 4056 et
1246 3993 1502 4055 corruuinistrurn
1519 3992 1678 4073 evangelii

470 4095 587 4161 haleat
601 4148 609 4172 ,
623 4104 656 4159 et
671 4094 847 4157 secuudum
864 4093 926 4155 sili
942 4094 1063 4156 socium
1080 4093 1219 4157 aestimet
1231 4114 1295 4155 uun
1312 4093 1503 4171 subiectum
1540 4089 1678 4154 Nullum

472 4216 548 4258 rere
564 4201 765 4277 pote-utamur
782 4192 816 4253 iu
839 4189 900 4253 lroc
917 4192 1144 4253 anamma-uun
1162 4190 1349 4273 praeripiat,
1365 4210 1425 4253 nec
1444 4188 1679 4251 ordirmtionem

472 4296 517 4359 ili
541 4315 600 4357 nec
615 4290 781 4375 quodlibet
804 4289 945 4351 alliciam
969 4289 1039 4351 siue
1054 4290 1182 4352 aldiatis
1204 4289 1314 4352 farore
1328 4294 1454 4369 armget
1469 4336 1481 4366 ,
1496 4286 1553 4349 sed
1573 4304 1679 4368 nequa

472 4394 513 4456 ab
540 4391 642 4475 ipsius
664 4388 788 4452 intimis
802 4396 835 4450 et
861 4386 1078 4470 peculiaribus
1098 4386 1181 4450 locis
1201 4396 1260 4450 aut
1282 4387 1444 4470 parochiis
1459 4384 1512 4448 rel
1534 4384 1568 4446 in
1590 4384 1678 4447 omni

471 4489 640 4576 privilegio
655 4488 756 4571 ipsius
771 4537 779 4562 ,
791 4485 876 4568 juris
890 4485 1063 4569 <pruisquam
1080 4500 1196 4570 praeter
1210 4486 1355 4568 ejusdem
1371 4485 1499 4548 ablatis
1513 4502 1679 4547 assensum

733 4632 742 4664 ¹
759 4634 842 4695 Quam
853 4634 925 4695 adeo,
935 4632 971 4684 C.
1189 4633 1201 4663 ¹
1218 4634 1254 4683 lit
1263 4633 1325 4700 jum,
1337 4631 1370 4683 Α.
1385 4632 1419 4684 Β.
