3936 5446
467 562 554 610 nn.
570 546 660 631 696]
700 564 812 613 onam
826 565 869 614 nr
883 564 1114 617 cneumam
1128 564 1196 613 rur
1210 562 1317 612 aanor
1331 562 1492 612 rcnmrn.
1548 526 1551 531 ’
1633 546 1699 610 125

624 721 665 801 ’1⁴
688 720 822 803 Signum
836 742 954 787 manns
967 720 1131 785 Wrthmdi
1144 720 1231 803 regis
1244 718 1432 783 donatoris.
1493 786 1496 791 ,

625 819 664 898 >1⁴
690 816 826 899 Signum
841 838 957 884 manns
970 816 1183 883 Britlruualdi
1197 814 1455 899 archiepiscopi.

625 916 666 993 ᾖ
689 914 825 997 Signum
839 916 1003 983 Adriodi.

625 1017 666 1094 ᾖ
688 1016 757 1098 Ego
771 1015 937 1083 Adrianus
950 1019 1052 1081 abbas
1065 1016 1222 1100 indignus
1236 1015 1437 1099 subscripsi.

625 1114 666 1191 ›1‹
689 1113 758 1196 Ego
773 1111 977 1179 Gemundus¹
992 1114 1161 1199 expressi.

492 1275 541 1324 [Α.]
556 1276 661 1327 aemma,
678 1277 730 1319 cod.
748 1279 823 1331 Dipt..
839 1280 885 1323 No.
902 1292 994 1332 mm
1012 1281 1077 1323 horn
1159 1280 1209 1329 (8.1
1217 1280 1268 1323 ὶίδ.
1276 1280 1493 1331 Bahman.

543 1337 987 1394 118.Ττίη.11ω,οιωὴήᾶαο,ί.αδ.

494 1608 549 1673 89.
596 1608 700 1672 Graat
722 1611 762 1693 by
782 1611 939 1677 ordimur
962 1624 995 1679 to
1017 1617 1069 1679 tire
1089 1616 1192 1681 Amor
1216 1615 1361 1699 Bataua,
1383 1614 1423 1697 ο]
1438 1613 1518 1677 &aad
1542 1620 1579 1677 at
1600 1611 1705 1695 Πομ,

724 1728 761 1769 or
772 1708 853 1783 Hor,
866 1730 907 1773 co.
922 1712 1017 1787 Ir'cat,
1030 1714 1110 1776 reith
1124 1714 1206 1777 later
1218 1710 1464 1794 wrrfimuaim.

536 1840 579 1903 In
592 1840 725 1905 nomine
740 1841 864 1906 Christi
877 1845 979 1909 totius
994 1852 1151 1911 creaturae
1165 1845 1420 1929 recuperatoris!

536 1938 621 2003 Cum
643 1938 744 2021 igitur
763 1939 916 2004 dominus
936 1944 1095 2007 secularia
1117 1944 1276 2029 regimina
1297 1942 1360 2007 rite
1378 1946 1505 2006 creator
1522 1960 1632 2025 regere
1655 1940 1705 2006 ite

492 2036 672 2102 decreverit
687 2090 694 2103 .
710 2046 748 2102 ut
761 2040 857 2105 nobis
870 2062 937 2105 non
948 2043 1056 2108 solum
1064 2066 1138 2129 qua·
1153 2043 1343 2128 temporalia
1358 2042 1515 2107 creauerit
1524 2040 1567 2105 ed
1579 2041 1706 2107 vietum

492 2136 659 2221 largiendo
684 2139 803 2205 cotidie
826 2141 996 2208 distribuit
1021 2197 1030 2209 .
1057 2146 1159 2210 immo
1182 2148 1284 2211 etiarn
1309 2144 1433 2209 eisdem
1455 2142 1537 2226 ipsis
1560 2163 1706 2209 rnamen-

492 2236 597 2299 taneis
637 2242 758 2301 aeterna
793 2258 889 2322 posse
926 2242 1085 2307 mercare²
1122 2242 1306 2327 pmmiserit
1333 2267 1352 2305 ·:
1393 2240 1605 2324 quamobrem
1645 2260 1708 2325 ego

493 2334 688 2399 Caunum
713 2334 808 2418 regite
837 2346 1105 2422 quantacumque
1136 2340 1307 2423 potestatis
1338 2336 1469 2403 Christo
1504 2338 1707 2421 gubernante

493 2432 626 2495 iunctus
654 2431 760 2495 allicio
790 2482 797 2498 .
827 2440 866 2496 ut
896 2455 1044 2499 meorum
1069 2439 1246 2500 criminum
1275 2434 1428 2500 incendia
1455 2433 1706 2499 elemosinarum

493 2528 613 2605 latice³‚
632 2530 730 2609 juxta
756 2529 938 2595 Salomonis
963 2535 1140 2601 sententia⁴
1158 2584 1166 2608 ,
1181 2534 1359 2597 valuissem
1385 2532 1601 2615 extinguere.
1620 2530 1708 2595 bone

493 2646 622 2709 quoque
648 2626 839 2709 prophetata
863 2628 1098 2713 psalmigmphi
1122 2630 1262 2694 oraculis
1279 2681 1286 2704 ,
1302 2630 1432 2695 Christo
1445 2629 1528 2693 duce
1541 2626 1708 2713 largiendo

493 2745 659 2808 capessere
674 2746 876 2807 promerear.
887 2727 1061 2801 “cretica
1076 2729 1228 2811 inquiens
1240 2736 1329 2791 rates
1338 2734 1355 2759 ‘¹
1365 2726 1476 2791 videre
1484 2726 1567 2789 bona
1582 2724 1709 2789 domini

494 2823 529 2885 in
565 2830 651 2886 terra
678 2822 898 2885 virentiu1n”.
937 2823 1021 2887 Cum
1053 2826 1259 2907 dispensanti
1288 2824 1421 2887 domino
1457 2821 1707 2887 cantuariorum

494 2921 651 3003 regimina
665 2926 775 2983 nostro
791 2921 1051 3003 obtemperarent
1068 2924 1206 3005 imperio
1221 2974 1228 2986 .
1244 2938 1288 2985 xl.
1303 2972 1309 2984 .
1326 2932 1419 2985 teme
1433 2920 1525 2983 illius
1538 2926 1710 2985 manentoe

494 3019 550 3094 ubi
574 3018 677 3080 iiouu
700 3023 908 3099 nuncupatur
931 3018 972 3081 ad
992 3019 1192 3104 Hel·urealrg
1215 3018 1357 3083 insulam
1381 3018 1601 3101 pertingentes
1614 3065 1624 3079 .
1637 3016 1711 3081 viro

493 3113 672 3178 venerabili
702 3115 884 3177 Eulimna
921 3116 1033 3179 abbati
1071 3118 1167 3200 eique
1197 3117 1322 3182 Christi
1352 3116 1485 3179 familiae
1513 3114 1645 3179 subdito
1671 3112 1710 3177 in

494 3212 657 3297 propriam
680 3232 738 3295 pro
761 3212 892 3276 daunino
913 3216 1150 3296 possessionem
1169 3215 1292 3279 obtuli.
1313 3223 1351 3278 ut
1373 3222 1484 3278 tenere
1498 3220 1532 3276 et
1551 3232 1662 3296 regere
1674 3216 1712 3275 et
1775 3268 1778 3275 .

494 3310 610 3391 largire
626 3312 725 3373 etiam
747 3310 941 3393 cuicumque
957 3312 1040 3375 utile
1058 3314 1257 3395 judicaverit
1280 3319 1438 3395 perpetua
1459 3310 1620 3373 libertatis
1633 3328 1710 3373 ean·

495 3408 621 3471 dicione
645 3408 793 3471 fruatur.
838 3408 946 3485 Quam
961 3411 1095 3491 quidem
1112 3411 1321 3473 donationem
1336 3408 1526 3473 certissimis
1540 3414 1711 3471 auctorum

496 3505 787 3587 sut.›scriptionibus
825 3506 871 3568 ita
908 3516 945 3569 ut
981 3508 1068 3569 inira
1105 3516 1283 3571 cernuntur
1316 3506 1444 3567 firmari
1466 3551 1475 3567 .
1497 3510 1537 3567 ut
1572 3502 1601 3567 si
1634 3501 1711 3587 quis

495 3602 583 3685 quod
610 3604 695 3665 absit
722 3623 780 3665 sua
798 3614 855 3665 aut
879 3624 1012 3667 suorum
1034 3605 1115 3668 dirae
1137 3604 1328 3687 cupiditatis
1348 3602 1473 3665 faeiims
1495 3600 1648 3665 atrociter
1659 3599 1728 3663 in·-

496 3701 680 3763 tlaunnatus
696 3749 703 3761 .
719 3699 779 3763 hoc
795 3701 866 3762 Deo
888 3720 1008 3763 munus
1023 3702 1172 3765 aularum
1188 3701 1336 3764 smudare
1351 3698 1525 3762 certauerit
1540 3748 1548 3761 .
1562 3718 1629 3761 non
1638 3697 1711 3779 jem

496 3818 567 3861 mea
592 3846 600 3859 .
630 3797 688 3861 sed
714 3796 837 3859 domini
868 3800 971 3861 nostri
1007 3800 1180 3861 silvatoris
1212 3805 1246 3861 et
1277 3797 1382 3861 saneti
1406 3794 1497 3858 Petri
1524 3794 1709 3859 substantia

496 3896 626 3959 sibimet
641 3896 704 3977 ipsi
720 3894 896 3977 perniciter
909 3895 1068 3978 populare
1084 3896 1263 3979 persentiat
1278 3946 1286 3959 .

540 3994 688 4075 Cumque
714 3992 921 4075 postmodum
950 3994 1084 4057 evoluto
1113 4013 1274 4055 annorum
1305 3988 1427 4055 circulo
1455 3988 1589 4071 praelate
1610 4008 1712 4071 regne

496 4092 620 4157 Cantiae
636 4090 780 4152 dominio
790 4089 990 4172 imperioque
1003 4090 1131 4172 Sigheri
1147 4090 1350 4152 Saxanarum
1365 4087 1450 4167 regis
1465 4078 1710 4149 sudcumberet.

496 4188 610 4271 prioris
626 4188 695 4269 ipse
712 4186 922 4268 pra-monitus
946 4186 1098 4268 exemplo
1115 4235 1122 4249 .
1141 4194 1177 4248 ut
1194 4186 1302 4247 onmia
1319 4204 1391 4266 qua
1407 4182 1560 4245 videntur
1573 4186 1710 4243 aeterne·

496 4286 572 4349 liter
601 4284 758 4368 pasaleri
787 4284 985 4365 nequierunt
1016 4332 1026 4346 .
1057 4283 1300 4366 promptissima
1338 4279 1506 4343 voluntate
1542 4275 1712 4341 donationi

496 4384 639 4465 antiquae
654 4381 818 4445 consensit
833 4430 840 4443 .

541 4482 587 4543 at
614 4499 689 4543 vero
714 4480 934 4541 Sranrrnnta
960 4478 1071 4559 regia·o
1097 4478 1212 4559 utique
1242 4482 1348 4539 s'tatus
1370 4473 1566 4537 lautissimus
1586 4470 1711 4546 llos,et

497 4578 615 4641 laturre
645 4576 845 4639 maturitatis
866 4576 894 4637 si
917 4595 996 4637 aura
1019 4574 1131 4637 ritulis
1155 4571 1294 4637 renerit⁷
1316 4572 1496 4635 certissima
1517 4588 1592 4651 spes
1605 4616 1613 4629 .
1628 4566 1709 4630 dum

547 4708 555 4739 ¹
574 4709 751 4767 Gelnnundun,
765 4706 799 4757 Κ.

546 4784 557 4817 ¹
574 4786 689 4843 tiemari,
703 4782 738 4833 κ.
854 4786 866 4813 ³
884 4784 980 4843 latiae,
992 4782 1026 4832 Α.
1041 4782 1077 4831 Κ.
1188 4783 1200 4812 ⁴
1217 4782 1284 4831 Emi.
1296 4780 1333 4842 ill,
1345 4782 1385 4830 Μ.
1496 4776 1508 4807 ⁸
1524 4778 1564 4825 Pa
1577 4776 1655 4831 xxvii.
1667 4778 1707 4827 18.

496 4864 507 4895 ⁸
526 4862 605 4925 Regii,
619 4859 654 4909 Κ.
755 4859 765 4889 ²
785 4858 818 4907 Κ.
839 4864 907 4909 Auru
920 4860 998 4908 uitale
1011 4866 1171 4913 muter.
1184 4856 1217 4905 Α.
