3936 5446
439 402 503 452 nn.
519 384 607 469 714]
737 398 950 450 ronananon
972 398 1014 449 or
1035 398 1192 451 msam
1212 400 1328 453 marr.
1443 361 1447 367 ¹
1566 346 1685 455 1aa'

440 558 580 623 maxime
600 558 744 621 florerem
765 554 801 619 in
822 554 937 621 dicbus
957 554 1082 621 AElrcdi
1103 558 1186 643 regis
1206 557 1401 625 Marciorum
1421 610 1430 639 ,
1450 558 1535 645 coepi
1554 576 1633 625 cum
1669 582 1673 591 ·
1702 544 1707 597 .'

439 657 578 741 benigne
592 656 714 740 precari
728 663 765 718 ut
786 655 868 719 milri
887 655 1059 719 concedere
1080 654 1266 740 dignaretur
1285 656 1424 723 eundem
1444 656 1553 721 locam
1573 644 1647 742 quil¹
1686 673 1694 691 ·

440 756 610 818 Ernotnn:
631 752 827 818 vocabatur.
883 753 969 817 Satis
997 752 1053 817 illc
1081 752 1197 819 libenti
1221 756 1329 821 animo
1354 754 1440 839 qnod
1462 754 1634 839 poscelrann

440 854 598 918 concessit
609 852 702 937 ,quia
717 861 750 916 ct
764 852 827 917 Dei
842 852 964 916 anneus
978 859 1012 916 ct
1026 851 1139 917 salutis
1153 854 1268 919 animae
1283 874 1362 919 meae
1373 852 1634 923 cratstudiosna.

442 952 482 1014 In
512 970 576 1033 quo
599 950 668 1013 laco
691 970 792 1033 quum
817 949 912 1013 beata
935 950 1025 1033 virgo
1053 948 1158 1013 Maria
1180 952 1309 1015 cuidam
1331 951 1450 1037 pastori
1472 970 1605 1037 gregum
1625 974 1661 1015 .·
1728 944 1734 955 '

441 1048 552 1111 Eot'zs
574 1047 701 1110 nomine
722 1098 730 1122 ‚
750 1047 981 1129 comparuisset
995 1097 1003 1121 ‚
1017 1047 1058 1110 ob
1079 1048 1172 1130 cujus
1187 1049 1248 1113 riri
1270 1050 1474 1114 sanctitatem
1496 1046 1639 1114 eundem'

412 1138 418 1145 “
440 1144 548 1208 locum
563 1144 808 1207 Eorasnanmn
823 1145 1007 1227 murenpari
1018 1194 1026 1220 ,
1037 1153 1069 1208 ct
1079 1145 1148 1228 ipse
1158 1146 1293 1213 eandem
1307 1146 1537 1231 apparitionem
1553 1145 1637 1211 mihi

441 1244 623 1305 intimasset
638 1266 646 1320 ;
661 1242 770 1304 statim
786 1292 793 1316 ,
810 1242 990 1323 subjunctis
1008 1243 1141 1325 jejuniis
1158 1254 1192 1308 et
1206 1246 1402 1309 orationibus
1418 1244 1481 1321 ‚acl
1495 1244 1636 1309 cundem
1810 1298 1814 1307 .

444 1340 550 1405 locum
566 1340 671 1403 nudus
686 1340 800 1422 perles,
811 1340 972 1421 adjunctis
987 1340 1064 1403 mibi
1081 1344 1238 1423 peccatori
1253 1344 1357 1407 tribus
1372 1342 1483 1418 sociis,
1496 1340 1638 1419 accessi,
1676 1420 1680 1425 Ι

444 1447 477 1503 et
492 1438 625 1502 eandem
640 1437 808 1521 gloriosam
824 1439 981 1521 virginem
1000 1438 1084 1501 clara
1105 1438 1177 1504 lnce
1200 1440 1320 1504 ibidem
1341 1440 1511 1505 manifeste
1525 1440 1637 1505 stalera

443 1537 545 1599 merui
561 1587 569 1611 ‚
584 1544 617 1599 et
631 1557 731 1618 ‹pnun
750 1556 843 1599 eruce
865 1556 961 1627 annea
982 1556 1078 1619 quam
1101 1558 1200 1601 manu
1221 1539 1367 1620 gestabat
1388 1538 1470 1601 milri
1482 1536 1638 1603 benedix-

443 1634 521 1697 isset
544 1683 552 1709 ,
574 1632 760 1716 disparuit.
806 1634 909 1697 Tanto
929 1634 1038 1716 itaque
1064 1635 1183 1697 imlicio
1203 1644 1318 1699 naetns
1342 1634 1447 1700 locrun
1472 1636 1638 1719 proposito

442 1750 514 1794 mco
529 1741 754 1813 congruentem
770 1781 778 1805 ‚
792 1732 903 1794 statim
925 1730 1019 1793 illum
1038 1732 1210 1795 ernnmlari
1225 1784 1233 1809 ,
1247 1742 1374 1815 etopus
1389 1754 1408 1795 a
1422 1733 1493 1797 Deo
1507 1731 1639 1817 prosig-

443 1836 556 1891 natum
571 1827 740 1891 inchoavi.
785 1828 838 1891 Ad
853 1828 939 1910 qnod
956 1828 1180 1910 complendum
1202 1829 1291 1894 dedit-
1312 1830 1392 1892 milri
1406 1828 1558 1893 AElrctlua
1578 1848 1639 1893 rex

446 1926 653 1991 Stmtsonlam
664 1936 694 1989 et
707 1926 874 1989 castellnm
886 1926 925 1989 dc
936 1926 1129 1990 Clradelbnri
1142 1978 1150 2002 ‚
1161 1934 1194 1991 et
1208 1927 1290 1990 illud
1302 1936 1395 1991 retus
1405 1926 1639 1991 llorrastcrium

444 2024 530 2108 qnod
545 2024 716 2087 Fladeburi
731 2024 916 2086 nominatur
929 2023 1032 2106 ‚quod
1052 2024 1114 2087 sibi
1134 2025 1242 2089 evenit
1269 2045 1309 2088 ex
1330 2024 1509 2089 hereditate
1528 2023 1640 2089 uxoris

444 2143 510 2186 suae
525 2173 533 2197 ‚
549 2121 672 2185 Ostritlr
689 2130 807 2185 uocata
823 2172 831 2196 ‚
845 2130 879 2185 ct
894 2143 951 2204 ego
967 2121 1048 2185 illud
1061 2130 1155 2185 vetus
1170 2121 1403 2186 Monasterimn
1423 2121 1498 2185 (ledi
1516 2120 1640 2185 AEtbil·

443 2220 543 2283 lrardo
558 2220 749 2283 ll'ictiorum
765 2220 936 2303 subregulo
951 2240 1007 2302 pro
1022 2228 1108 2283 terra
1121 2240 1196 2303 queo
1211 2234 1278 2284 crat
1294 2221 1328 2283 in
1345 2218 1524 2284 Stratiorda
1538 2240 1640 2304 quam
1710 2292 1715 2299 ,

443 2320 563 2401 injuste
586 2328 817 2402 occupauerat.
863 2319 1037 2401 Postquam
1059 2337 1132 2383 vere
1154 2318 1362 2383 AEthelrcdus
1383 2339 1439 2383 rex
1461 2319 1567 2383 sactus
1588 2324 1641 2383 est

444 2417 620 2481 monachus
641 2468 648 2492 ,
669 2416 839 2481 lienreclus
865 2417 922 2499 qni
946 2416 1099 2480 suecessit
1120 2416 1151 2480 ei
1174 2418 1209 2479 in
1235 2438 1367 2501 regnum
1391 2416 1585 2481 llercioruun
1605 2424 1641 2481 ct

447 2516 589 2579 Oliaros
606 2514 818 2580 Orientalium
834 2515 1014 2597 Anglorum
1028 2565 1037 2591 ‚
1052 2515 1091 2578 de
1112 2514 1291 2579 hereditate
1312 2536 1383 2599 (pane
1405 2514 1500 2578 illum
1514 2513 1643 2579 contin·

446 2615 540 2698 gebat
563 2614 597 2677 in
627 2635 722 2698 regno
748 2612 1150 2689 lle1·eiomm,aledennrt
1180 2614 1283 2678 einen
1309 2612 1449 2677 ecclesiae
1478 2612 1642 2697 octoginta

446 2721 583 2795 quatuor
607 2734 734 2775 mansas
758 2712 792 2775 in
820 2712 958 2776 circuitu
984 2711 1044 2775 loci
1073 2712 1162 2775 illins
1188 2712 1244 2794 qni
1270 2712 1387 2776 dieitur
1412 2711 1553 2775 Hommc
1575 2760 1585 2786 ,
1605 2710 1642 2775 in

446 2820 582 2895 utmqnc
605 2824 695 2895 parte
721 2812 811 2874 llm'ii
838 2812 925 2873 illins
952 2811 1007 2893 qni
1030 2823 1162 2873 uocatur
1187 2812 1300 2875 Arena
1322 2862 1330 2887 ,
1352 2810 1386 2873 in
1409 2808 1642 2893 possessionem

448 2911 587 2973 eeclesia
603 2962 611 2986 ,
625 2932 682 2993 pro
697 2910 837 2973 remedio
853 2910 968 2973 animae
990 2930 1054 2973 snae
1077 2918 1110 2972 et
1131 2910 1359 2973 suceessorum¹
1375 2928 1526 2972 snorum.
1563 2908 1644 2972 Post

448 3033 583 3096 parrum
599 3012 736 3094 deniqne
752 3022 879 3093 tempas
895 3033 912 3074 a
929 3012 1072 3094 predicti
1088 3013 1188 3095 reguli
1205 3013 1301 3077 fratre
1312 3062 1320 3087 ,
1331 3010 1483 3075 oswardo
1495 3010 1644 3085 nominc,

449 3112 545 3174 aliam
573 3122 688 3174 terram
709 3110 835 3171 obtinui
853 3162 859 3185 ,
875 3109 908 3171 in
923 3120 972 3173 est
988 3160 995 3184 ,
1010 3111 1125 3191 viginti
1142 3131 1271 3173 mansas
1290 3110 1324 3172 in
1340 3109 1410 3173 loeo
1429 3109 1487 3191 qui
1502 3106 1644 3171 Tniiord

449 3213 648 3296 appellatur;
691 3213 731 3274 lit
749 3232 777 3293 p
784 3222 820 3274 »st
841 3211 910 3275 lnec
926 3211 1128 3275 AEtlrilricns²
1144 3263 1151 3287 ,
1166 3211 1280 3275 Oslreri
1295 3212 1377 3295 regis
1396 3210 1482 3273 lilius
1497 3260 1505 3285 ,
1519 3216 1554 3273 et
1568 3207 1646 3272 Ral-

450 3313 549 3375 terius
566 3310 752 3391 ,religiosus
768 3310 912 3373 sacculos
930 3360 936 3383 ,
952 3318 1085 3393 nter-qne
1107 3332 1217 3373 eornm
1232 3321 1304 3373 octo
1318 3328 1445 3372 mansas
1460 3328 1517 3391 pro
1531 3307 1645 3370 <lirina
1668 3380 1673 3389 ¹

451 3410 620 3491 religione.
656 3409 697 3470 Et
713 3408 756 3469 ita
773 3408 969 3490 completae³s
983 3416 1042 3471 unt
1063 3407 1284 3472 ecclesiastica¹
1299 3406 1513 3492 possessiones
1527 3456 1535 3471 .
1550 3420 1642 3469 cxx,

452 3528 570 3570 mansae
587 3558 593 3581 ,
610 3507 692 3571 sient
709 3507 790 3568 infra
807 3508 961 3588 scriptum
978 3516 1024 3569 est
1043 3560 1050 3583 ,
1064 3515 1096 3570 et
1119 3508 1153 3569 in
1175 3507 1257 3569 libro
1271 3506 1497 3570 manifestatur
1511 3511 1597 3567 tenu
1611 3510 1647 3568 et
1672 3512 1681 3529 ”

452 3607 580 3670 tennini
598 3607 666 3685 ejus
681 3625 775 3686 quem
793 3606 919 3686 scripsit
943 3606 1167 3686 ltrpssnraldus
1188 3606 1442 3687 archiepiscopus
1462 3610 1494 3667 ct
1510 3600 1648 3665 dictauit

452 3725 608 3771 consensu
624 3704 804 3787 principum
821 3724 957 3785 quornm
973 3705 1101 3766 nomina
1117 3705 1199 3766 infra
1215 3710 1325 3767 notata
1340 3710 1438 3766 snnt.

497 3806 574 3867 Post
599 3802 678 3865 dnos
704 3822 804 3863 annos
834 3800 1004 3863 Alrlelnms
1034 3802 1199 3881 religiosus
1227 3801 1395 3883 episcopus
1424 3796 1576 3879 migrauit
1604 3795 1647 3860 ad

454 3902 620 3965 dominum
651 3951 658 3974 ,
687 3898 771 3981 qnod
802 3919 860 3977 ego
890 3919 947 3981 per
976 3899 1203 3963 revelationem
1233 3917 1407 3980 agnoscens
1433 3947 1441 3971 ,
1463 3894 1648 3959 convocatis

454 4002 605 4064 frattribus
629 4009 660 4062 et
684 3998 922 4061 obscenmlariis
946 3998 1025 4059 meis
1050 4048 1057 4072 ‚
1083 4019 1248 4061 excessum
1273 3995 1443 4061 verremmli
1473 3994 1575 4076 patris
1599 3992 1649 4056 eis

454 4100 564 4182 aperui
577 4121 584 4175 3
596 4097 781 4177 cernitoque
797 4096 895 4175 grarln
912 4094 953 4155 ael
969 4094 1072 4157 lacum
1089 4096 1145 4157 ubi
1160 4116 1286 4158 sacrum
1299 4115 1411 4177 corpus
1421 4094 1492 4174 ejus
1499 4089 1650 4173 jacebat,

455 4194 686 4278 qninquaginta
703 4194 800 4255 {enne
817 4191 949 4253 milibus
972 4192 1056 4254 ultra
1076 4192 1287 4255 meldunense
1307 4187 1548 4255 monaster-iamt
1562 4186 1649 4269 posi·

457 4303 527 4356 tum
556 4292 670 4356 ‹leveni
697 4340 704 4364 ,
730 4298 761 4353 et
788 4289 827 4350 ml
856 4289 1053 4370 sepulturam
1083 4289 1203 4352 adduxi
1226 4302 1258 4353 et
1284 4288 1455 4351 honorilice
1482 4282 1650 4367 sepeliti,

458 4390 613 4453 mandans
638 4396 675 4450 nt
702 4387 735 4449 in
762 4406 953 4469 ‹parcreunqne
980 4386 1049 4450 leco
1078 4408 1202 4450 sacrum
1228 4406 1342 4469 corpus
1370 4386 1403 4447 in
1433 4380 1650 4467 asportatione

506 4548 515 4581 ¹
533 4552 713 4607 succus-oreris,
726 4544 766 4593 Μ.
865 4546 875 4574 ²
896 4545 1063 4605 ,Elthilrienu
1076 4544 1116 4594 Μ.
1201 4543 1213 4576 ³
1229 4546 1362 4609 Genu-leti,
1374 4544 1426 4594 tls
1523 4540 1535 4573 ⁸
1550 4540 1653 4591 limn-

458 4626 562 4681 teriam,
574 4625 628 4672 ns.

503 4715 577 4762 l'01..
591 4714 612 4762 l.
1497 4707 1519 4756 0

519 4860 530 4897 Ι

485 4907 535 4990 C.
