3936 5446
439 584 503 631 au.
517 569 605 653 706]
731 566 966 637 manumet
987 589 1030 639 ro
1052 590 1169 641 amnon
1189 590 1350 643 roourus
1576 578 1637 647 171

443 885 517 950 no.
542 884 646 947 omne
668 856 1149 971 permanseruntque
1169 890 1273 973 isare
1296 888 1418 968 nna,
1437 898 1469 955 a
1488 891 1645 977 Quem,

528 982 645 1065 Bistop
666 984 705 1066 os
733 983 906 1061 Worcsrter,
928 985 969 1068 os
984 986 1065 1049 laad
1088 994 1122 1049 ot
1136 987 1326 1069 Amircrleqo
1350 1008 1387 1051 or
1401 988 1581 1075 Omlcnlaey,
1602 1010 1646 1057 aa.

539 1079 711 1146 ll'orocstcr.
756 1098 823 1146 ad).
838 1082 912 1149 706.
965 1083 1053 1147 Wirt
1066 1084 1146 1149 later
1158 1085 1386 1169 oonfirmation

488 1205 528 1282 ᾧ
553 1202 593 1265 Ιιι
609 1202 741 1265 nomine
755 1202 879 1265 domini
895 1205 998 1267 nostri
1011 1204 1117 1269 Jhesu
1131 1205 1260 1271 Christi.

488 1300 556 1383 ligo
570 1300 796 1383 AEduupraun
811 1301 1004 1385 subregulus
1019 1354 1027 1379 ‚
1042 1302 1156 1367 Oshcri
1177 1303 1340 1387 quondam
1355 1306 1437 1390 regis
1452 1305 1648 1373 Wiooiomm

446 1397 532 1460 filius
547 1448 555 1473 ‚
569 1407 690 1461 terram
704 1449 713 1460 .
729 1414 778 1460 xn
793 1449 801 1462 .
816 1410 1012 1463 cassatorum
1031 1401 1064 1463 in
1080 1401 1149 1465 loco
1163 1422 1260 1485 quem
1274 1402 1389 1467 dieunt
1403 1406 1649 1483 danisman,

444 1496 666 1560 consentiente
683 1497 862 1560 Cocxnrno
878 1520 953 1581 rege
968 1498 1162 1563 Merciorum
1176 1550 1185 1576 ‚
1199 1520 1274 1562 cum
1288 1502 1440 1565 omnibus
1453 1502 1495 1565 ad
1509 1500 1558 1567 καὶ
1573 1522 1648 1587 per·

444 1595 624 1658 tinentibus
639 1595 734 1657 rebus
749 1596 938 1661 necessariis
948 1646 956 1659 .
966 1595 1028 1661 hoo
1043 1606 1092 1661 cst
1106 1597 1141 1660 iu
1155 1596 1247 1661 silvis
1262 1597 1297 1660 in
1312 1598 1434 1682 oaurpis
1446 1649 1454 1665 .
1464 1598 1499 1663 in
1513 1608 1649 1684 captura

445 1692 544 1755 etiam
559 1691 698 1775 piscium
713 1712 786 1775 quae
801 1698 893 1755 terne
909 1692 959 1756 illi
981 1694 1129 1776 adjacet.
1145 1694 1200 1757 ubi
1222 1702 1301 1757 suut
1322 1694 1447 1761 scilieet
1459 1695 1544 1761 'dno'
1559 1696 1649 1781 quod

446 1790 616 1853 nostratim
632 1789 753 1852 dieitur
769 1790 902 1854 ll'ereS.
919 1791 952 1853 id
968 1801 1019 1856 ost
1032 1790 1116 1856 alter
1130 1792 1184 1855 ubi
1209 1792 1363 1857 fontanus
1383 1792 1441 1877 qui
1461 1794 1651 1859 nominatur

447 1887 677 1951 Ombresuelle
692 1886 872 1951 derivatur‘
886 1888 921 1952 in
937 1890 1075 1953 durium
1089 1890 1146 1973 qui
1167 1889 1287 1953 dieitur
1308 1890 1452 1955 Sabrina
1464 1942 1474 1956 .
1488 1893 1573 1957 alter
1591 1894 1651 1979 qui

446 1994 497 2049 est
525 1985 566 2049 ad
596 1984 717 2048 vadum
747 1986 806 2069 qui
836 1994 1043 2069 nuncupatur
1072 1986 1243 2052 Iereriurd
1264 2036 1273 2051 .
1295 1986 1337 2051 ad
1367 1988 1652 2071 amplificationem

376 2146 379 2151 ,
425 2101 427 2105 ’
448 2082 672 2146 ecclesiastice
687 2082 900 2165 possessionis
916 2134 923 2158 ‚
938 2104 996 2165 pro
1010 2082 1229 2167 redemptione
1243 2084 1361 2149 animae
1376 2106 1453 2150 mccc
1467 2094 1503 2151 et
1514 2106 1575 2171 pro
1595 2106 1655 2171 apa

447 2181 562 2245 salutis
576 2194 706 2244 atenim
721 2232 730 2255 ‚
745 2180 929 2245 venerando
944 2180 1105 2243 Ecuuuso
1121 2181 1268 2264 episeopo
1282 2180 1325 2245 ad
1338 2182 1515 2247 aeclesiam
1528 2202 1656 2269 semper

451 2280 585 2363 virginis
601 2278 665 2341 Dei
679 2278 861 2361 ’ὕϊιιίιι-ἰοίε3
871 2276 985 2339 Mariae
1000 2296 1073 2358 quae
1089 2278 1224 2341 lundata
1238 2286 1330 2343 extat
1343 2279 1379 2342 in
1394 2280 1658 2347 Cnon't'cltomtlt
1741 2302 1745 2307 ·

450 2399 558 2442 corum
574 2376 700 2439 idoneis
715 2376 854 2438 testibus
868 2373 1010 2436 libenter
1023 2393 1081 2455 pro
1097 2374 1225 2444 domino
1239 2376 1376 2461 largitus
1397 2398 1470 2441 sum
1483 2428 1493 2443 .
1507 2398 1547 2443 oo
1567 2378 1656 2463 quod

450 2478 519 2560 ipse
533 2476 632 2539 etiam
653 2474 758 2557 pretio
775 2471 953 2555 approbato
975 2492 995 2533 a
1014 2492 1066 2535 me
1084 2474 1314 2555 conquirebat.
1329 2474 1377 2539 Ea
1397 2475 1567 2541 dumtaxat
1580 2498 1657 2542 oon·
1685 2548 1690 2555 ,

451 2577 574 2639 ditione
590 2574 625 2635 iu
640 2572 777 2653 praeiata
799 2570 974 2634 traditione
990 2591 1010 2633 a
1024 2591 1076 2634 mo
1098 2572 1274 2654 conposita
1295 2572 1330 2636 in
1352 2584 1540 2657 perpetuam
1559 2575 1657 2641 liber-

453 2673 531 2737 tatis
547 2670 781 2754 possessiouem
796 2678 945 2731 statuens
960 2668 1000 2732 de
1012 2678 1117 2733 cetero
1133 2680 1170 2732 ut
1185 2670 1226 2732 ab
1237 2670 1326 2733 omni
1340 2670 1469 2755 publico
1485 2672 1657 2759 vectigali.

451 2792 471 2833 a
498 2770 587 2832 rictu
602 2816 611 2832 .
625 2768 668 2830 ab
694 2766 903 2849 expeditione
924 2814 933 2829 .
953 2766 995 2830 ab
1021 2786 1116 2850 opcre
1140 2768 1225 2851 regio
1249 2769 1293 2832 sit
1314 2768 1416 2833 hbcra
1436 2819 1445 2835 .
1464 2778 1593 2837 tautum
1617 2788 1658 2839 ut

451 2867 603 2931 :eeclesia
618 2866 762 2949 pnelata·
778 2865 879 2927 beata
894 2864 1008 2929 Mariae
1018 2864 1079 2929 hoo
1090 2874 1138 2929 cst
1150 2867 1303 2931 iratribus
1314 2867 1433 2933 ibidem
1444 2870 1658 2937 seruientibus

452 2976 571 3031 cuncta
585 2986 658 3048 quae
673 2964 709 3027 iu
723 2984 762 3027 eo
776 2963 846 3025 loco
861 2962 903 3025 ad
918 2972 1031 3047 aptum
1047 2972 1080 3027 et
1096 2963 1136 3027 ad
1151 2964 1327 3029 utilitatem
1341 2967 1502 3049 pertinere
1523 2978 1661 3051 possunt

453 3076 624 3133 seruentur
645 3115 653 3129 .
677 3066 823 3147 Excepto
849 3086 888 3129 eo
909 3078 946 3128 ut
969 3066 996 3129 si
1017 3066 1145 3149 quaudo
1165 3067 1199 3128 iu
1219 3067 1327 3130 insula
1348 3068 1453 3132 cidem
1473 3070 1542 3134 ruri
1560 3070 1660 3155 perti·

453 3177 551 3231 neute
565 3176 743 3248 prm-entus
759 3164 918 3247 copiosior
932 3164 1061 3248 glandis
1076 3164 1229 3228 acciderit
1243 3168 1251 3225 i
1267 3165 1326 3228 uui
1347 3166 1549 3233 solummodo
1568 3168 1659 3254 gregi

454 3286 623 3349 porcorum
640 3262 771 3344 iagime⁴
788 3272 901 3345 pastus
923 3262 992 3345 regi
1015 3261 1277 3325 concederetur-⁵.
1293 3260 1338 3325 Et
1358 3270 1474 3345 pra-ter
1494 3264 1556 3329 hoo
1575 3266 1660 3329 nulli
1679 3332 1682 3337 ,

454 3384 558 3445 neque
574 3361 717 3445 principi
733 3382 838 3443 neque
855 3361 1007 3442 praelecto
1023 3382 1127 3443 neque
1142 3361 1270 3423 tiranno
1285 3360 1382 3424 alicui
1400 3382 1520 3445 pascua
1541 3362 1659 3427 consti·

453 3473 590 3526 tuantur
605 3511 612 3524 .
628 3470 667 3523 ut
681 3460 858 3524 elemosina
874 3481 945 3521 meu
960 3480 1059 3541 quam
1075 3480 1132 3542 pro
1146 3458 1287 3522 remedio
1302 3460 1417 3523 anirum
1432 3480 1511 3525 ruet·
1521 3460 1660 3527 libenter

454 3562 574 3625 denari
599 3559 758 3624 inuiolata
781 3570 814 3621 et
836 3559 1027 3620 inconeussa
1047 3567 1239 3642 permanent.
1285 3558 1320 3620 Si
1339 3558 1412 3640 quis
1431 3568 1543 3623 autem
1561 3558 1659 3623 dona·

454 3660 577 3723 tionem
594 3658 724 3721 Christo
740 3678 760 3719 a
775 3656 869 3719 nobis
884 3656 1039 3719 traditam
1055 3656 1261 3739 temptaverit
1276 3656 1467 3739 infringere!
1479 3658 1661 3743 confringat

456 3760 546 3821 lleus
569 3776 705 3837 regnum
721 3764 756 3818 et
779 3755 960 3837 potentiam
981 3756 1051 3835 ejus
1074 3754 1127 3817 hic
1145 3764 1178 3817 et
1203 3755 1238 3816 iu
1265 3754 1374 3817 futuro
1399 3754 1538 3820 seculo.
1553 3756 1660 3841 nialus

455 3877 530 3940 pars
545 3858 616 3937 ejus
632 3874 707 3917 cum
722 3854 813 3916 ,ludu
828 3852 954 3915 iulideli
969 3852 1144 3915 traditore⁰

501 3956 535 4017 δι
559 3954 635 4037 quis
659 3964 771 4015 autem
799 3950 951 4014 beniuolo
974 3952 1084 4014 auimo
1105 3973 1220 4033 augere
1243 3950 1382 4015 coluerit
1400 3956 1409 4011 i
1429 3962 1547 4039 augeat
1571 3954 1661 4019 nem

456 4064 582 4137 partem
612 4052 703 4114 illius
733 4071 808 4113 eum
839 4050 929 4111 fideli
959 4048 1086 4114 latrone
1114 4050 1171 4133 qui
1200 4050 1320 4112 meruit
1347 4048 1478 4116 audire:
1512 4050 1662 4117 “Hodie¹

456 4172 583 4215 meeum
598 4150 663 4213 cris
678 4149 713 4210 iu
728 4146 919 4229 paradiso.'’⁸

506 4250 593 4333 llys³
607 4248 682 4311 siud
698 4251 737 4330 lu
751 4244 848 4309 laude
862 4266 1001 4329 genuere
1016 4255 1049 4309 to
1064 4245 1295 4329 Ambreslege.
1312 4246 1419 4311 alirest
1439 4268 1485 4332 up
1505 4248 1568 4313 01¹⁰
1581 4250 1662 4317 fimo

505 4396 515 4429 ¹
535 4395 709 4457 ttinemddet,
721 4392 756 4443 Ο.
843 4392 854 4424 ¹
872 4392 1014 4453 Din'ratur‚
1031 4392 1063 4442 Β.
1076 4392 1111 4444 0.
1194 4390 1374 4453 ’Genetricis
1385 4390 1420 4443 C.
1528 4394 1663 4459 ‘Saginq

460 4474 492 4523 Β.
505 4473 541 4524 0.
640 4472 732 4521 ‘Com
744 4487 806 4535 reg„
820 4468 852 4519 B.
953 4471 1037 4520 ιΤιιι
1049 4472 1104 4533 lut,
1118 4470 1151 4521 Β.
1248 4468 1259 4502 i
1277 4470 1338 4520 Luc.
1352 4471 1423 4531 xxiii,
1432 4472 1471 4522 ⁴³.
1567 4470 1664 4525 ’fleo

460 4550 493 4600 Β.
506 4550 541 4602 C.
555 4550 690 4599 introduce
703 4549 748 4596 tlre
759 4546 909 4611 putta-‚napum
922 4547 984 4595 lime
995 4556 1073 4609 σω,
1083 4558 1141 4609 cto,
1152 4564 1194 4596 aee
1204 4547 1293 4595 below.
1400 4546 1412 4577 ’
1428 4546 1545 4598 Another
1554 4566 1618 4615 copy
1627 4566 1663 4601 on

458 4628 501 4689 A„
514 4630 532 4677 i.
545 4632 586 4689 22,
597 4628 672 4675 reuda
684 4626 770 4674 2-nis
780 4624 840 4673 sind
850 4624 882 4678 >a
893 4624 1084 4687 lauda-gemaera
1096 4632 1124 4673 to
1135 4624 1299 4689 Ambrerlegc
1310 4657 1318 4674 .
1330 4624 1417 4673 ,Eme
1428 4641 1464 4689 up
1474 4627 1501 4675 oi
1510 4628 1620 4693 wip-rna
1628 4644 1664 4679 on

458 4706 575 4756 liucumb
586 4743 593 4755 .
604 4704 633 4753 ol
650 4702 782 4752 lineumbo
801 4718 835 4749 oa
854 4702 1015 4765 gevlaudeue
1026 4738 1033 4751 .
1045 4704 1072 4751 ol
1086 4702 1244 4765 geolundeue
1261 4718 1295 4750 on
1313 4700 1431 4751 marradio
1447 4738 1455 4751 .
1473 4702 1549 4767 nlmrg
1562 4704 1664 4755 dianna

459 4797 604 4832 rauce-auen
614 4818 622 4831 .
633 4782 662 4829 ol
672 4794 815 4828 unwano·
826 4794 860 4826 on
873 4780 943 4826 uffan
955 4778 1057 4829 hcdeu.
1071 4780 1099 4827 oi
1109 4780 1178 4827 ullau
1190 4778 1262 4826 heale-
1273 4795 1316 4827 om
1327 4792 1402 4827 mere
1413 4778 1487 4829 brot.
1496 4780 1572 4845 nlaug
1586 4798 1664 4833 mnu

457 4860 519 4909 broc
530 4876 564 4907 ou
571 4856 711 4907 deuerdale
722 4893 729 4905 .
741 4856 817 4919 nluug
828 4856 987 4903 deuerdalu
998 4872 1031 4905 ou
1038 4856 1184 4920 ualeperpaa
1193 4892 1201 4906 .
1215 4856 1290 4919 ring
1297 4854 1441 4919 ualepaerpan
1465 4864 1497 4907 ut
1505 4874 1540 4909 on
1550 4862 1667 4925 αἷμα

460 4934 580 5001 uprlarrg
590 4934 700 4998 wirrae
711 4933 782 4989 neit
793 4948 875 4997 upon
886 4932 1018 4981 lineumlre
1027 4932 1072 4987 ber
1083 4930 1106 4982 it
1115 4948 1144 4981 er
1152 4948 1217 4983 aru.
1353 4930 1375 4963 ¹⁹
1391 4931 1483 4995 0n‚0.
