3936 5446
440 457 503 506 an.
519 424 607 524 664]
644 455 756 503 ouans
770 456 812 504 or
828 456 1021 515 aversurus,
1037 457 1121 505 urso
1136 459 1177 506 or
1190 458 1257 507 ritu
1274 458 1450 507 uuucrm
1596 445 1639 508 35

440 610 624 677 Dcrcvordc
647 658 656 675 .
679 610 882 696 longitndine
912 613 1033 696 uiginti
1058 612 1267 699 longiorum.
1290 623 1324 679 ct
1352 614 1428 678 inde
1458 613 1500 678 ad
1528 615 1643 682 Glete-

439 729 510 773 cros
534 759 542 774 .
568 716 603 774 et
633 708 672 774 dc
702 709 890 775 Gretccrost
903 716 906 722 '
919 731 979 794 per
1008 732 1109 776 unam
1138 712 1307 796 pulchrum
1332 731 1451 795 aquam
1477 712 1645 779 Bradanoo

440 809 570 873 nominc
584 829 640 872 sex
657 807 772 892 leugiis
787 809 829 872 ad
844 809 1021 875 paccelade
1036 860 1043 874 .
1059 819 1093 875 ct
1107 811 1204 875 sicin
1219 810 1362 877 medium
1376 809 1506 893 partitis
1520 813 1645 897 sttgmis

441 904 588 988 plurimis
603 914 637 970 ct
651 905 807 970 inmensis
829 907 1003 991 paradinas
1024 929 1100 974 curn
1121 909 1357 974 habitatoribus
1378 907 1646 975 Huutedenensis

441 1005 612 1087 protiuciae
627 1055 634 1068 .
650 1026 716 1068 una
731 1026 804 1069 cunr
821 1007 943 1090 stagnis
958 1012 993 1072 ct
1006 1007 1086 1072 lacis
1102 1008 1332 1073 Sclrcllrcmcrc
1347 1014 1381 1072 et
1397 1006 1644 1074 witelesmere.

442 1110 476 1166 et
501 1124 542 1167 ne
571 1104 646 1187 quis
675 1104 855 1187 ignorantia
884 1104 1023 1168 halatur
1049 1106 1089 1170 <lc
1119 1106 1334 1190 descriptione
1363 1105 1574 1170 teminorum
1602 1107 1645 1172 dc

442 1200 698 1266 Wittclcsmcrc!
732 1223 802 1266 caru
828 1204 873 1267 sic
897 1224 974 1267 cum
1001 1205 1068 1269 suis
1094 1204 1264 1288 piscuariis
1289 1204 1462 1288 paludibus
1488 1213 1523 1268 ct
1551 1206 1646 1288 aquis

443 1303 609 1367 terminari
637 1303 795 1369 uolumus
856 1305 897 1368 In
926 1306 1185 1388 septemtrionali
1213 1312 1305 1389 parto
1334 1305 1441 1389 stingui
1475 1312 1527 1370 cst
1560 1300 1663 1390 aqua

443 1406 573 1469 nominc
594 1405 760 1471 llcrclade
782 1407 893 1472 exiens
915 1406 957 1470 dc
979 1427 1074 1471 amne
1095 1408 1170 1472 Neu
1185 1407 1241 1471 ubi
1256 1408 1414 1471 tormiuus
1436 1407 1646 1491 Septcmtrio·

443 1503 527 1567 nolis
541 1511 591 1568 cst
606 1503 707 1586 ipsius
730 1505 858 1587 stagni.
873 1504 944 1569 hac
959 1525 1035 1569 vero
1057 1526 1132 1569 cum
1155 1506 1223 1569 suis
1244 1505 1417 1588 paludibus
1438 1505 1491 1568 illi
1512 1506 1647 1587 adjacet,

399 1602 401 1606 ⁴
444 1602 564 1666 habeus
594 1603 628 1665 in
658 1603 722 1666 finc
751 1604 950 1685 piscuarium
981 1625 1084 1666 inrum
1114 1604 1201 1688 quod
1231 1603 1350 1667 dicitur
1380 1603 1580 1668 Ethemuthc
1610 1606 1647 1669 in

443 1701 591 1764 orientali
613 1709 705 1785 parto
727 1709 803 1765 sunt
826 1701 890 1764 duo
913 1718 1029 1784 stagna
1052 1723 1124 1785 qnae
1141 1708 1297 1766 vocantur
1311 1701 1471 1785 Wollepol
1494 1709 1529 1766 ct
1548 1702 1649 1768 lieu·
1687 1700 1693 1708 ’

445 1798 581 1889 demere.
613 1793 718 1863 'Inter
737 1799 806 1864 hac
829 1806 942 1884 stagna
968 1808 1020 1863 ost
1043 1821 1128 1883 aqua
1152 1808 1288 1884 augusta
1309 1799 1448 1863 duorum
1470 1800 1649 1865 stadiorum

398 1911 403 1918 ’
445 1894 549 1982 longa,
563 1918 638 1981 quau
660 1903 794 1962 vocatur
816 1897 1098 1973 Tranueraooebea
1112 1898 1236 1962 habeus
1257 1898 1294 1961 iu
1316 1918 1351 1962 se
1373 1898 1440 1961 duo
1463 1897 1648 1981 piscuaria.

445 1996 505 2058 Est
528 1997 630 2059 eciam
656 1996 702 2060 ibi
728 2017 809 2080 aqna
838 2004 975 2081 angmsta
1002 1997 1102 2060 unius
1125 1997 1256 2060 miliarii
1281 1997 1377 2081 longa
1399 2046 1407 2061 .
1429 2016 1507 2079 quae
1529 1996 1650 2069 dicitur

446 2093 537 2158 Falct
552 2094 674 2159 liabens
690 2096 724 2158 iu
741 2116 774 2159 se
797 2115 899 2159 uuum
922 2096 1129 2178 piscuarimu
1177 2096 1217 2159 In
1239 2094 1297 2158 illa
1318 2103 1409 2178 parte
1432 2095 1651 2160 iuterWitte-

445 2192 579 2258 lesmero
602 2202 636 2258 ct
660 2193 854 2277 Kingesdoll
878 2193 934 2258 ubi
960 2194 1120 2259 terminus
1146 2201 1196 2258 est
1222 2193 1404 2258 orientalis!
1427 2201 1479 2257 est
1503 2194 1652 2278 spacium

446 2290 572 2372 paludis
597 2292 695 2354 trium
719 2291 931 2355 miliariorum
954 2293 989 2354 in
1013 2291 1188 2356 latitudine
1214 2291 1336 2356 habens
1361 2292 1397 2355 in
1420 2312 1455 2356 se
1479 2300 1651 2376 angustam

447 2414 562 2475 aquam
578 2413 651 2477 quae
666 2400 800 2457 uocatur
814 2392 956 2457 Tlicscui
978 2408 1011 2457 et
1028 2392 1145 2457 silvam
1161 2415 1233 2477 quae
1248 2393 1366 2458 dicitur
1381 2393 1565 2477 llagrelrolt
1610 2395 1652 2458 ln

448 2491 581 2555 australi
595 2512 671 2555 vcro
687 2498 777 2574 parte
793 2491 883 2554 illius
897 2501 948 2555 cst
967 2512 1054 2575 aqua
1076 2501 1213 2576 angusta
1234 2491 1334 2556 trium
1356 2491 1535 2555 stadiorum
1556 2491 1653 2576 longa

448 2611 519 2673 quac
534 2603 668 2654 vocatur
683 2590 984 2667 Schcliremcrcbcc‚
999 2590 1123 2655 habeus
1145 2591 1180 2654 iu
1203 2611 1237 2654 se
1255 2591 1318 2654 duo
1333 2590 1493 2674 piscuaria
1509 2590 1545 2653 iu
1558 2590 1653 2672 cujus

449 2688 512 2752 fine
541 2698 591 2752 cst
620 2701 769 2771 stagnum
800 2709 872 2772 quau
901 2697 1037 2753 vocatur
1072 2688 1302 2754 Schclsremerc
1335 2688 1459 2752 liabens
1489 2689 1532 2753 ad
1560 2708 1653 2753 suam

449 2786 624 2850 australem
651 2786 778 2869 plagam
801 2807 918 2870 aquam
942 2796 1115 2869 augustam
1141 2809 1214 2871 quae
1239 2791 1373 2850 uocatur
1398 2785 1654 2850 l'bbomerclede

449 2884 575 2948 dimidii
591 2885 722 2947 miliarii
736 2883 841 2969 longa
886 2885 926 2948 Iu
943 2887 1038 2965 cujus
1061 2886 1163 2949 eciam
1186 2884 1291 2968 capito
1306 2883 1402 2947 idest
1417 2884 1453 2947 in
1469 2884 1533 2947 linc
1548 2884 1671 2967 stagni,

449 2990 500 3047 cst
512 3004 614 3047 unum
630 2984 836 3068 piscuarium.
880 2984 935 3048 Ad
950 2986 1045 3066 cnjus
1060 3005 1153 3067 aeluro
1174 2983 1381 3047 medietatam
1398 2982 1434 3045 in
1451 2981 1655 3066 longitudine

449 3091 500 3146 cst
520 3081 610 3147 locus
632 3103 651 3146 e
674 3088 787 3146 eontra
813 3083 847 3146 in
873 3083 993 3166 paluale
1018 3084 1076 3166 qui
1091 3090 1227 3146 vocatur
1246 3080 1428 3145 Alduuines
1452 3081 1576 3144 baruue
1598 3080 1656 3144 ubi

450 3180 599 3244 australis
614 3191 664 3245 est
679 3181 845 3244 terminus.
892 3181 933 3244 In
956 3181 1150 3245 occidentali
1165 3188 1273 3244 autom
1295 3187 1386 3263 parte
1401 3179 1492 3243 illius
1507 3186 1656 3262 escaque

450 3287 586 3362 angusta
609 3280 745 3343 ‹lucr-mn
773 3280 952 3343 stadiorum
978 3280 1077 3364 longa
1103 3300 1176 3363 quae
1202 3286 1337 3343 vocatur
1360 3277 1656 3342 Trendemercbeke

451 3377 573 3441 liabens
588 3378 622 3440 iu
639 3399 672 3441 se
688 3398 790 3440 unum
807 3377 1012 3460 piscuarium
1060 3379 1100 3441 ln
1124 3378 1217 3459 cujus
1239 3377 1304 3441 fine
1325 3382 1375 3440 est
1396 3390 1548 3459 stagnum
1569 3375 1667 3459 quod,

451 3475 570 3540 dicitur
583 3475 897 3540 ll'estctrerulcmerc
919 3526 926 3539 .
951 3478 1036 3540 Sunt
1054 3477 1087 3539 in
1104 3476 1161 3539 illa
1176 3485 1268 3560 parte
1286 3474 1386 3539 eciam
1408 3494 1500 3556 aquae
1518 3494 1657 3557 quarum

452 3576 580 3638 nomina
598 3583 676 3639 sunt
690 3575 879 3658 Drcigurcrc
895 3625 902 3640 .
919 3574 1081 3658 Wellcpol
1098 3574 1410 3640 ,ll'ithibuscerucre
1421 3622 1428 3635 .
1440 3573 1657 3657 Iangcmere.

453 3672 617 3757 Kcuinges
642 3724 649 3736 .
677 3679 710 3737 et
737 3673 951 3739 llusclornerc
978 3723 985 3737 .
1012 3675 1071 3737 Fst
1096 3674 1199 3738 eciam
1223 3672 1270 3735 ibi
1295 3691 1379 3755 aqua
1402 3671 1501 3735 uuius
1526 3671 1659 3735 miliarii

452 3770 547 3856 longa
577 3792 679 3855 usquc
710 3773 751 3836 ad
778 3781 896 3836 terram
926 3773 967 3837 de
992 3771 1117 3856 Oplicc¹
1143 3779 1258 3835 vocata
1283 3770 1405 3834 habens
1430 3770 1466 3832 iu
1493 3790 1528 3833 sc
1553 3790 1658 3834 unum

452 3870 647 3955 piscuarium
665 3920 674 3935 .
690 3872 723 3932 in
740 3870 838 3953 hujus
853 3892 944 3954 aqua
961 3871 1027 3935 linc
1042 3879 1094 3934 est
1107 3871 1265 3934 terminus
1280 3868 1489 3933 occidentalis
1502 3867 1658 3951 paludum

453 3978 486 4033 et
501 3989 656 4052 aquarum
673 3968 714 4032 ad
729 3969 953 4035 ll'itelcsmerc
976 3969 1214 4053 pertinencium
1240 4015 1248 4033 .
1272 3966 1354 4031 Cum
1373 3967 1467 4030 terris
1482 3986 1610 4050 quoquc
1624 3974 1659 4030 ct

454 4067 674 4131 mansionibus
697 4088 769 4150 quae
788 4068 898 4149 jacent
920 4068 956 4132 in
979 4068 1116 4132 australi
1139 4073 1230 4151 parto
1253 4065 1493 4130 Schaelsremerc
1508 4114 1516 4127 .
1532 4074 1567 4128 et
1583 4084 1658 4128 cum

454 4166 539 4229 inira
568 4174 660 4249 septa
689 4165 831 4249 undique
862 4166 980 4250 palude
1010 4187 1114 4249 usquc
1143 4166 1185 4229 ad
1211 4162 1492 4228 medeshamstede
1516 4212 1526 4226 .
1554 4168 1590 4226 et
1617 4160 1658 4226 dc

455 4264 753 4329 Mcaleslramstedo!
786 4265 954 4348 usquead
980 4264 1216 4329 Welrncssorde
1242 4313 1249 4327 .
1274 4263 1371 4328 etde
1396 4257 1660 4326 ll'elmcssorthe’

455 4364 612 4447 usquead
628 4364 738 4428 Clivc!
762 4372 794 4427 ct
810 4363 885 4428 inde
900 4364 941 4426 ad
963 4364 1089 4427 liston’³
1104 4374 1137 4426 ct
1152 4362 1192 4426 (lc
1215 4361 1354 4425 intonet
1376 4360 1418 4424 ud
1442 4357 1658 4423 Stauulordc.

454 4471 489 4526 ct
512 4463 559 4528 sic
584 4470 686 4527 totam
713 4462 804 4526 illum
827 4472 951 4545 partem
978 4462 1067 4526 villae
1091 4461 1132 4525 do
1159 4458 1352 4524 Stannioulc
1376 4479 1449 4542 qma
1473 4466 1525 4521 est
1549 4476 1660 4520 versus

458 4564 739 4631 Medoshamstcde
769 4566 852 4629 circa
882 4574 1016 4649 pontt-m
1042 4583 1115 4626 cum
1143 4561 1237 4625 torris
1266 4568 1300 4625 ct
1329 4558 1526 4623 Molendiuis
1555 4557 1660 4621 cidem

616 4711 626 4744 ¹
647 4712 754 4778 opheta,
768 4709 801 4761 Κ.
910 4712 923 4745 ⁸
941 4708 1137 4769 waimarum,
1152 4704 1187 4756 Κ.
