3936 5446
447 471 512 521 an.
527 453 616 540 664]
653 468 767 520 oum
781 469 1030 538 ostententur,
1044 472 1129 539 mue
1143 475 1183 527 or
1198 476 1264 524 ms
1279 472 1453 524 usncuus
1605 462 1648 527 33

449 627 603 703 irentinus,
617 634 715 711 utque
737 624 778 691 de
805 630 934 714 propria
964 632 1239 715 consanguinitate
1264 630 1410 695 homines
1431 631 1521 714 regui
1550 630 1652 695 vestri

448 724 535 789 ultra
563 724 667 789 saneti
698 724 844 807 Gregorii
871 735 1031 794 statutum
1055 729 1182 795 novello
1211 736 1290 793 tnnc
1318 727 1436 812 populo
1472 728 1653 793 necessario

447 823 646 899 mandatnm,
684 842 800 886 uxores
837 823 953 891 ducere
991 833 1203 910 presumant:
1239 827 1326 911 quod
1356 826 1510 890 nimirum
1546 825 1653 890 soclus

445 940 607 1004 gmveque
629 920 795 995 delictum,
810 920 861 985 bis
882 924 1081 1007 apostolatus
1110 926 1212 990 nostri
1240 925 1353 999 literis,
1367 945 1478 989 ornnes
1501 923 1560 1006 qui
1589 923 1652 986 sub

427 1056 430 1062 ·
448 1019 523 1100 jure
538 1028 645 1085 vestro
660 1019 815 1094 existunt,
833 1029 901 1084 tam
916 1021 1015 1087 laicos
1035 1044 1132 1107 qumn
1154 1023 1285 1089 clericos
1308 1022 1431 1097 amodo,
1445 1032 1480 1087 et
1501 1022 1655 1105 deinceps

450 1137 571 1192 cavere,
600 1138 638 1182 ac
663 1117 824 1200 propriam
851 1118 890 1183 de
922 1120 1015 1186 seretis
1038 1122 1259 1205 poenitentiam
1285 1121 1414 1203 digeram
1442 1129 1657 1203 peragereaet

451 1212 536 1277 ultra
545 1214 622 1277 talia
633 1235 800 1297 nunquam
809 1217 1010 1282 committere
1022 1239 1185 1282 monemus
1195 1270 1203 1295 ,
1212 1218 1377 1282 hortamur
1386 1269 1394 1293 ,
1403 1225 1499 1300 atque
1508 1217 1657 1301 put-cipi·

450 1332 530 1375 mus.
555 1313 648 1389 Quod
660 1313 687 1375 si
703 1312 795 1376 uobis
809 1312 870 1378 boc
885 1315 1023 1397 impium
1048 1315 1216 1379 emendare
1240 1316 1373 1379 fortasse
1391 1336 1488 1398 grave
1506 1314 1659 1391 uidetur,

450 1431 509 1493 pro
523 1431 587 1493 quo
602 1411 679 1473 talia
696 1410 866 1475 sustinctis
886 1413 1040 1487 adversa,
1055 1419 1170 1476 nostae
1194 1412 1381 1495 paternitati
1396 1412 1511 1476 vestris
1531 1412 1657 1475 innote-

452 1507 532 1572 scite
544 1507 662 1572 litten's
674 1516 728 1583 ,ut
738 1509 921 1590 apostolice
932 1510 1017 1573 sedis
1027 1531 1080 1573 eos
1091 1511 1161 1592 ,qui
1174 1509 1232 1572 tali
1249 1509 1386 1584 rreiuudo
1398 1510 1485 1592 operi
1496 1509 1659 1573 enerviter

453 1607 640 1690 subjacent,
651 1609 862 1692 corripiamus
877 1616 911 1674 ct
925 1610 1029 1674 modis
1044 1610 1192 1673 omuibus
1207 1608 1425 1693 aggravemus¹
1441 1609 1588 1674 decretis

451 1752 499 1802 [kl
512 1755 549 1794 leo
559 1754 694 1795 Grrno'mr'e
704 1755 822 1806 Epimpeu
831 1755 925 1803 Deerele',
932 1767 987 1807 pm
994 1755 1035 1804 vii,
1080 1754 1126 1803 [8.]
1139 1755 1225 1802 Mitule,
1234 1754 1322 1798 Peleoi.
1332 1754 1419 1804 Ceron.
1428 1754 1473 1797 vol·
1483 1754 1528 1803 lul.
1534 1756 1581 1798 eol.
1589 1757 1637 1799 m.

501 1827 553 1867 cap.
562 1818 615 1867 lm
627 1818 652 1858 iu
661 1817 747 1866 lintizi,
757 1817 848 1866 concil..
858 1827 881 1866 x,
890 1818 938 1859 087.
1079 1816 1147 1865 -lttllt‘,
1157 1817 1197 1858 No.
1210 1819 1266 1859 1³5³.

458 2260 509 2325 22.
536 2260 637 2324 Grani
652 2262 690 2344 (γ’
708 2261 750 2323 W
750 2259 883 2343 adplicre,
898 2260 988 2343 Kiup
1002 2262 1040 2344 eff
1051 2261 1100 2323 elec
1119 2259 1284 2334 Muciano,
1299 2266 1360 2336 clo,
1375 2267 1405 2322 to
1421 2258 1471 2323 tlte
1484 2259 1665 2342 Monostcry

514 2362 554 2443 os
571 2359 837 2435 rllcdcslmmstedc,
851 2360 890 2442 os
908 2359 1034 2422 various
1050 2358 1143 2421 laruls
1157 2358 1223 2420 cerel
1233 2357 1405 2440 pricilcpca
1450 2373 1512 2422 nu.
1529 2360 1602 2423 664.
1624 2344 1638 2376 '¹

504 2514 544 2592 ›1‹
567 2510 762 2574 Wt'trmmn
777 2509 840 2573 Dei
855 2509 1011 2574 beneficio
1026 2531 1082 2575 rex
1098 2509 1290 2573 Mereiorum
1306 2518 1340 2574 et
1351 2509 1663 2576 Mediterruueonun

458 2608 639 2692 Auglorum
662 2607 854 2671 uustmlium
884 2628 1013 2690 quoquc
1042 2628 1212 2692 regnorum
1237 2608 1447 2691 praesentibus
1469 2616 1503 2672 et
1526 2611 1665 2692 posteris

461 2709 612 2772 ommbus
623 2707 790 2772 Christum
801 2714 1011 2790 strictamque
1022 2706 1275 2789 ejusrecclesiam
1286 2705 1465 2770 rudentibus
1476 2717 1667 2790 perpetuam

462 2806 608 2870 mlutem.
664 2805 842 2868 Benedicat
872 2806 980 2867 anima
1010 2825 1081 2869 mea
1111 2805 1275 2868 dominum
1305 2804 1443 2869 rhesum
1473 2806 1667 2871 salvatorem

463 2925 571 2967 meum
587 2953 594 2967 .
610 2914 643 2968 et
658 2924 765 2967 coram
780 2902 931 2966 ommlms
951 2903 1139 2966 virentibus
1158 2904 1311 2966 confitear
1330 2903 1359 2965 ei
1375 2923 1449 2965 cum
1464 2904 1620 2968 iratribus
1633 2913 1669 2969 et

464 3006 625 3070 sororibus
640 3006 741 3069 meis.
760 3004 953 3088 populisque
969 3004 1050 3069 meis
1066 3024 1149 3067 novo
1178 3024 1280 3087 nuper
1294 3004 1487 3087 baptismate
1501 3004 1667 3070 iniciatis.

463 3106 540 3188 quia
564 3104 611 3167 sol
638 3104 775 3185 justitiae
805 3114 894 3166 ortus
916 3112 966 3166 cst
988 3104 1081 3166 nobis
1103 3152 1111 3167 .
1133 3102 1190 3186 qui
1205 3121 1262 3165 uos
1285 3101 1324 3165 de
1347 3103 1488 3167 tenebris
1509 3103 1667 3168 idolatriae

463 3203 633 3267 transtulit
656 3203 688 3264 iu
713 3200 903 3265 admirabile
925 3199 1036 3264 lumen
1060 3221 1125 3264 sum
1158 3199 1333 3283 agaricionis
1354 3248 1363 3263 .
1387 3201 1451 3277 Qui
1473 3222 1538 3264 non
1560 3202 1667 3266 solnm

463 3323 534 3365 roos
557 3300 700 3383 palemis
722 3300 884 3363 erroribus
904 3298 1046 3361 absoluit
1062 3349 1068 3361 .
1085 3307 1119 3362 et
1137 3297 1278 3361 advenas
1293 3305 1326 3361 et
1340 3297 1481 3381 pupillos
1501 3300 1668 3382 suscepit!

466 3409 517 3463 set
539 3399 641 3462 eciam
664 3397 699 3460 iu
724 3397 807 3460 tilios
829 3397 1015 3480 adopeionis
1038 3397 1201 3460 eredentes
1223 3395 1319 3477 elegit
1344 3444 1352 3459 .
1379 3398 1525 3479 Cumque
1550 3405 1672 3461 aeterna
1710 3430 1717 3444 ·

466 3519 564 3581 regna
587 3497 732 3561 omuium
755 3516 925 3575 regnamur
948 3494 1141 3558 distributor
1169 3494 1234 3557 suis
1257 3492 1406 3558 fidelibus
1431 3496 1672 3578 repromiserit}

467 3599 569 3664 eciam
586 3600 620 3662 iu
635 3598 697 3662 lrac
715 3598 805 3661 breui
822 3599 888 3660 rita
906 3618 968 3680 qua
992 3597 1033 3660 ad
1057 3597 1268 3660 retemitatem
1286 3597 1443 3659 transitur
1465 3617 1525 3661 nos
1538 3618 1675 3681 reprime

469 3703 546 3767 iacit
570 3752 577 3765 .
602 3700 687 3777 Quid
710 3722 785 3779 ergo
816 3700 990 3762 retrilmam
1018 3699 1148 3761 domiuo
1170 3718 1226 3782 pro
1251 3697 1401 3760 omuibus
1426 3719 1497 3781 qum
1522 3699 1676 3763 retribuit

471 3801 575 3864 milri?
620 3799 704 3864 Cum
719 3798 789 3861 sine
810 3798 880 3880 ipso
900 3797 1002 3861 uiebil
1023 3797 1219 3861 babeamus.
1236 3794 1337 3858 nichil
1354 3795 1520 3861 valeamus
1534 3846 1541 3860 .
1557 3797 1675 3862 niclril·

470 3921 533 3984 que
549 3900 650 3961 siums
673 3947 679 3959 .
703 3917 819 3976 magna
835 3897 936 3958 eciaur
953 3895 1109 3958 ariditate
1124 3893 1237 3957 salutis
1252 3900 1368 3955 nostrie
1383 3893 1526 3956 omnium
1542 3893 1677 3979 largn'tor

471 3997 589 4079 aceipit
604 4016 702 4079 parra
718 4003 750 4057 et
767 3995 878 4056 intima
894 4003 1003 4056 nostra
1026 3994 1179 4076 (pristinus
1197 3991 1314 4055 lrabeat
1327 4011 1457 4054 causam
1477 3993 1677 4057 retribuendi

472 4096 612 4159 maxima
634 4114 692 4155 sua
707 4143 713 4155 .
730 4090 883 4175 quodque
908 4090 1092 4154 dederimus
1116 4091 1234 4154 sanctis
1260 4090 1327 4154 suis
1347 4137 1356 4154 .
1375 4090 1524 4174 quodque
1550 4092 1677 4157 dilecte

472 4192 622 4258 aeclesia·
645 4212 710 4255 suu·
733 4239 740 4254 .
764 4189 825 4253 boc
847 4188 910 4251 sibi
933 4187 1046 4251 dutmn
1068 4198 1102 4252 et
1128 4196 1293 4271 acceptum
1319 4187 1388 4270 ipse
1413 4190 1620 4254 attestabitur
1642 4191 1678 4253 iu

474 4298 559 4359 tino.
576 4293 755 4359 mercedem
775 4310 904 4375 ‹puerpue
927 4290 1009 4369 justi
1025 4289 1108 4374 justi
1133 4300 1347 4372 susceptorem
1369 4291 1530 4373 promittit
1543 4340 1550 4355 .
1565 4313 1679 4377 accep-

473 4407 582 4463 turum
602 4419 680 4463 esse.

520 4498 721 4580 Quapropter
743 4493 838 4557 illum
865 4493 984 4557 diviua·
1010 4493 1084 4557 fidei
1108 4503 1139 4556 et
1166 4489 1380 4555 aeclesiarum
1411 4493 1587 4577 principem
1609 4515 1680 4577 rug-

476 4594 575 4678 nique
599 4594 659 4657 Ilei
684 4591 881 4673 clavigerum
904 4612 962 4674 per
990 4612 1087 4673 quem
1117 4590 1268 4654 admittar·
1294 4590 1326 4651 iu
1350 4591 1533 4673 paeradisum
1555 4594 1679 4658 demini

904 4726 912 4756 ¹
931 4724 946 4749 “
955 4724 1125 4786 regredere·
1143 4721 1212 4780 l'irt..
1226 4718 1259 4769 Β.

523 4823 596 4873 vo1.
610 4822 632 4873 l.
1525 4820 1549 4868 n
