3936 5446
261 4768 280 5255 l

263 5258 278 5409 2

444 437 506 486 ao.
521 419 614 506 603.]
785 433 1116 496 immurmurare
1137 432 1178 480 or
1199 429 1293 479 sear.
1589 414 1629 478 11

489 591 662 676 Iargicnto
688 592 806 656 srrnrmi
835 591 918 674 regis
946 589 1116 656 clementia
1144 608 1202 672 ego
1226 585 1525 661 Anrn1Lonnnro8,¹
1552 584 1632 651 solio

444 697 581 775 paterno
595 690 803 754 consrmratus
817 709 957 774 paceque
972 688 1129 752 divinitus
1144 705 1300 761 concesse,
1314 704 1352 749 eo
1367 685 1434 766 jam
1450 682 1632 766 perdecem

444 788 670 871 quinquennia
699 788 891 871 sceptrigera
924 795 1084 871 potestate
1115 785 1246 870 potitus,
1274 792 1308 848 et
1341 803 1399 866 pcr
1434 782 1633 848 venerabiles

447 906 544 949 sacrae
559 886 635 948 fidei
651 885 794 948 doctores
809 886 940 969 spiritus
955 886 1056 949 sancti
1076 883 1183 968 gratia
1197 883 1374 955 irradiatus,
1388 879 1428 944 ab
1450 900 1553 944 errore
1574 879 1634 944 sal·

352 989 353 993 ’
448 1003 555 1046 sorum
579 983 713 1046 deorum
729 984 770 1046 ad
785 985 880 1046 nnius
896 984 962 1047 reri
978 984 1038 1047 Dei
1055 984 1178 1047 cultum
1198 989 1264 1046 toto
1283 979 1377 1044 eorde
1397 999 1578 1057 otmversus,
1591 1000 1633 1043 ne

448 1081 594 1163 ingratus
610 1080 838 1144 beneficiorum
854 1102 1023 1165 appaream
1038 1082 1096 1156 illi,
1110 1101 1129 1144 a
1144 1081 1234 1163 cujus
1256 1085 1366 1142 saneta
1387 1077 1461 1141 sede
1481 1077 1574 1140 nobis
1598 1077 1631 1140 in

449 1169 579 1261 'regione
595 1179 716 1241 umbrre
731 1179 843 1242 mortis
859 1180 1041 1243 sedentibus
1055 1180 1113 1243 lux
1128 1178 1270 1243 veritatis
1285 1176 1434 1255 emicuit;
1454 1176 1541 1239 inter
1555 1174 1634 1238 alias

449 1297 529 1360 qum
553 1277 710 1341 fabricavi
732 1277 889 1354 ccclesias,
904 1279 1028 1341 monitu
1050 1286 1083 1342 ct
1103 1278 1232 1342 hortatu
1247 1275 1423 1340 beatissimi
1443 1294 1534 1357 papae
1554 1275 1634 1338 Gre-

447 1375 528 1457 gorii
551 1390 584 1438 et
602 1375 705 1437 sancti
721 1376 820 1458 patris
836 1377 934 1438 nostri
950 1375 1134 1459 Augustini,
1146 1376 1209 1458 ipsi
1222 1374 1405 1438 beatissimo
1419 1371 1635 1456 apostolorum

450 1473 592 1556 principi
618 1474 725 1549 Petro,
753 1480 787 1537 et
815 1473 935 1537 doctori
964 1474 1109 1557 gentium
1137 1473 1247 1550 Paule,
1274 1472 1442 1536 ecelesiam
1471 1491 1491 1534 a
1521 1469 1635 1534 lunda·

449 1570 569 1634 mentis
588 1572 763 1644 construxi,
779 1570 931 1654 illamque
952 1573 1045 1635 terris
1063 1573 1222 1656 variisque
1242 1571 1476 1653 possessionum
1498 1568 1638 1632 donariis
1700 1571 1704 1579 '

450 1668 599 1730 decorare
615 1669 736 1744 stmlni,
751 1669 894 1752 inibique
909 1669 1079 1733 monachos
1095 1671 1201 1734 llemn
1216 1669 1366 1732 timentes
1380 1667 1540 1750 aggregari
1554 1664 1638 1743 ieci,²

450 1773 574 1829 etcum
590 1765 724 1828 consilio
740 1765 881 1846 ejusdem
897 1768 1144 1830 reverentissimi
1160 1765 1392 1848 archipresulis
1407 1763 1582 1847 Augmstiui
1597 1783 1638 1827 ex

451 1884 509 1926 suo
525 1874 640 1926 sancto
655 1870 839 1927 sanctornm
854 1865 985 1948 collegio
1001 1866 1215 1929 renembilem
1229 1865 1333 1926 sirum
1356 1883 1464 1927 secum
1485 1863 1526 1926 ab
1548 1881 1639 1945 apos·

453 1962 549 2025 tolica
565 1961 643 2025 sede
659 1962 816 2026 directum
833 1964 961 2026 Petrum
978 1963 1170 2029 monachum
1185 1963 1273 2045 elegi,
1287 1962 1407 2045 eisque,
1421 1969 1458 2024 ut
1475 1960 1641 2026 ecclesias·

452 2060 537 2123 tiens
553 2060 632 2122 ordo
647 2061 802 2143 exposcit,
815 2061 962 2125 abbatem
978 2061 1146 2146 praeposui.

409 2234 414 2243 ¹
498 2159 594 2220 llanc
611 2159 711 2240 igitur
725 2159 891 2222 ecclesiam
911 2160 950 2223 ad
970 2169 1157 2243 prouectum
1177 2158 1275 2224 debiti
1291 2158 1441 2223 culminis
1455 2176 1640 2242 promovere

454 2256 652 2332 desiderans,
661 2278 854 2341 suarumque
866 2259 1098 2341 posscssionum
1111 2258 1256 2322 terminis
1267 2258 1400 2321 dilatare
1409 2257 1557 2340 gestiens,
1566 2276 1643 2320 sans

455 2364 563 2418 mento
591 2356 779 2438 intcgrsrprc
806 2357 937 2421 consilio
967 2379 1039 2422 cum
1065 2357 1238 2420 liadlraldi³
1262 2357 1321 2420 srlii
1350 2356 1414 2420 mei
1443 2356 1643 2439 aliorumque

456 2453 615 2517 nobilium
632 2455 837 2517 obtimatum*
853 2477 994 2519 meorum
1014 2477 1180 2531 consensu,
1193 2456 1234 2519 ob
1255 2455 1505 2538 redemptionem
1527 2455 1643 2519 animae

456 2572 535 2615 mae
551 2558 583 2614 et
600 2573 689 2635 spem
707 2553 929 2617 retribucionis
944 2554 1253 2637 aetcr·rra,01›tuli⁵ei
1269 2555 1366 2618 etiam
1383 2553 1492 2616 villam
1515 2553 1646 2617 nomine

456 2650 640 2727 Siculone,
654 2650 718 2713 alio
740 2652 869 2716 nomine
891 2652 1010 2716 dietam
1034 2653 1189 2728 Cistclet,ss
1203 2673 1275 2717 cum
1298 2652 1445 2715 omnibus
1467 2650 1646 2715 redditibus

457 2749 487 2812 ei
509 2749 584 2831 jure
611 2750 870 2832 competentibus
900 2771 972 2815 cum
1002 2753 1181 2836 mancipiis,
1201 2752 1291 2817 silvis
1313 2752 1409 2815 cultis
1432 2750 1484 2814 rel
1505 2749 1646 2825 incultis,

456 2848 568 2929 pratis.
590 2849 728 2930 pascuis,
755 2847 933 2930 paludibus,
957 2851 1153 2927 fluminibus,
1179 2860 1212 2915 et
1237 2850 1396 2934 contiguis
1419 2849 1449 2914 ei
1475 2848 1645 2911 maritimis

457 2945 606 3007 tenninis
622 2965 693 3007 cam
709 2966 749 3008 ex
764 2966 829 3008 una
844 2955 933 3029 parte
954 2950 1156 3031 cingentibus
1179 2949 1285 3012 onmia
1307 2947 1439 3012 mobilia
1461 2946 1511 3011 rel
1535 2947 1649 3010 immo·

460 3043 537 3105 bilia
552 3043 587 3105 ia
603 3064 682 3106 usus
698 3043 833 3106 fratrum
855 3045 916 3108 snb
937 3047 1073 3129 regulari
1095 3047 1224 3111 tramite
1245 3055 1278 3111 et
1300 3046 1476 3110 monastica
1497 3044 1649 3129 religione

461 3141 541 3204 inibi
581 3140 652 3204 ltco
689 3142 910 3218 serriencium,
939 3145 1137 3209 missurinm⁷
1166 3145 1264 3208 etiam
1293 3151 1488 3228 argenteum,
1517 3150 1650 3225 scapton

461 3258 605 3311 aureum,
634 3239 753 3302 iterum
782 3240 894 3304 sellam
922 3264 996 3305 eum
1026 3243 1123 3307 sueno
1153 3263 1229 3306 auro
1258 3250 1291 3306 et
1326 3241 1460 3325 gemmis
1496 3247 1653 3315 ornatam,

461 3337 630 3420 speculam
660 3346 857 3421 argenteum,
879 3341 1068 3405 armilcaisia
1105 3342 1264 3417 oloserica,
1298 3341 1462 3405 camisiam
1497 3348 1684 3416 ornatam·

460 3434 547 3518 quod
578 3435 659 3498 milri
685 3437 815 3500 xenium
843 3438 882 3503 de
911 3439 1028 3503 domno
1056 3461 1140 3525 papa
1170 3439 1320 3523 Gregorio
1350 3438 1434 3503 sedis
1458 3436 1651 3522 Apostolieae

461 3533 620 3597 directum
638 3535 750 3609 luerat,
766 3558 836 3619 qnae
855 3539 960 3601 onrrria
976 3538 1166 3623 supradicte
1188 3538 1327 3602 ecclesie
1346 3545 1510 3622 gratanter
1527 3537 1654 3620 optuli⁸

464 3632 568 3708 Quam
599 3633 699 3695 ctiam
722 3634 902 3699 ecclesiam⁰
925 3637 993 3719 ipsc
1020 3658 1131 3701 servus
1160 3636 1212 3700 dci
1236 3636 1437 3720 Angrstinns
1467 3643 1652 3700 sauctorum

463 3729 681 3811 apostolorum
704 3752 741 3795 ac
764 3744 940 3816 martynnn
965 3735 1109 3818 reliquiis
1132 3734 1292 3817 variisque
1313 3733 1536 3798 ecclesiasticis
1562 3754 1654 3797 orna-

465 3829 584 3890 mentis
598 3829 641 3891 ab
655 3829 831 3913 apostolica
850 3831 924 3896 sede
939 3833 1000 3897 sibi
1016 3833 1213 3896 transmissis
1234 3833 1360 3916 copiose
1382 3832 1508 3906 dium,
1522 3851 1655 3915 seseque

465 3926 498 3987 in
514 3948 551 3989 ca
567 3944 599 3990 ct
617 3937 750 3991 cunctos
766 3950 958 3994 successores
974 3952 1048 3995 suos
1070 3952 1110 3995 ex
1134 3931 1323 3995 auctoritate
1338 3929 1512 4014 apostolica
1526 3928 1654 4012 sepeliri

466 4027 621 4108 pracepit
649 4028 808 4109 scriptura
833 4029 1120 4094 clicentc:-“Non
1150 4050 1218 4093 esse
1240 4030 1406 4093 civitatem
1435 4026 1658 4092 mortuorum¹⁰

467 4123 524 4186 scd
540 4122 716 4189 virorrnn.”
762 4125 813 4189 Ibi
836 4128 933 4191 etiarn
956 4128 1035 4191 mibi
1051 4138 1083 4192 et
1099 4129 1333 4193 successoribus
1355 4127 1435 4191 meis
1456 4125 1656 4210 sepulturam

467 4221 595 4302 providi
612 4243 744 4306 sperans
767 4244 817 4288 me
840 4226 1030 4309 quandoque
1046 4226 1086 4289 ab
1102 4227 1172 4308 ipso
1187 4226 1350 4310 apostolici
1372 4224 1492 4289 ordinis
1514 4222 1658 4307 principe

518 4492 527 4525 ¹
545 4495 735 4553 ,turbertus
747 4495 782 4548 0.
797 4497 843 4559 0.;
859 4499 1032 4560 athelbertus,
1046 4497 1076 4549 F.
1169 4498 1181 4531 ²
1196 4500 1273 4561 Fecit,
1284 4498 1319 4551 0·
1400 4498 1411 4531 ⁸
1427 4497 1553 4558 AEdlnbli,
1564 4494 1599 4547 0.
1613 4495 1659 4555 04

472 4571 591 4632 tertrardi,
603 4570 635 4622 Ρ.
810 4576 821 4606 ⁸
838 4576 1006 4639 optimatum,
1018 4575 1060 4635 Ε.;
1076 4578 1286 4641 optimatumque,
1300 4574 1330 4625 F.
1491 4575 1503 4606 ⁸
1518 4574 1614 4634 Obtuli,
1627 4573 1658 4625 Ε.

469 4646 482 4677 ⁸
498 4649 611 4710 eistetd,
624 4649 656 4703 F.
762 4651 773 4690 ²
789 4653 934 4715 stiuam,
946 4651 977 4703 F.
1101 4654 1113 4685 ⁸
1129 4655 1225 4715 oleati,
1242 4652 1276 4704 0.
1291 4651 1324 4702 D.
1337 4649 1368 4702 Ε.
1464 4649 1476 4682 ’
1491 4651 1566 4711 orrea
1582 4652 1659 4704 etism

473 4730 666 4791 remonte-rium,
678 4727 710 4780 Ρ.
809 4733 829 4762 ¹⁰
845 4731 883 4780 (t.
897 4730 969 4783 llari.
983 4731 1043 4793 xxii,
1055 4733 1105 4793 ³23
1121 4731 1198 4782 Marc.
1211 4731 1252 4791 xii,
1264 4730 1313 4789 en
1331 4730 1391 4779 lare.
1403 4744 1444 4791 xx,
1456 4729 1494 4779 88.
