<?xml version="1.0" encoding="UTF-8"?>
<!DOCTYPE html PUBLIC "-//W3C//DTD XHTML 1.0 Transitional//EN"
    "http://www.w3.org/TR/xhtml1/DTD/xhtml1-transitional.dtd">
<html xmlns="http://www.w3.org/1999/xhtml" xml:lang="en" lang="en">
 <head>
  <title>
</title>
<meta http-equiv="Content-Type" content="text/html;charset=utf-8" />
  <meta name='ocr-system' content='tesseract 3.04.00' />
  <meta name='ocr-capabilities' content='ocr_page ocr_carea ocr_par ocr_line ocrx_word'/>
</head>
<body>
  <div class='ocr_page' id='page_1' title='image "./cartulariumsaxo01bircgoog_0069.png"; bbox 0 0 3936 5446; ppageno 0'>
   <div class='ocr_carea' id='block_1_1' title="bbox 673 416 1054 465">
    <p class='ocr_par' dir='ltr' id='par_1_1' title="bbox 673 416 1054 465">
     <span class='ocr_line' id='line_1_1' title="bbox 673 416 1054 465; baseline 0.003 -1"><span class='ocrx_word' id='word_1_1' title='bbox 673 416 738 464; x_wconf 73' lang='lat' dir='ltr'>tue</span> <span class='ocrx_word' id='word_1_2' title='bbox 762 416 869 464; x_wconf 69' lang='lat' dir='ltr'>nulla</span> <span class='ocrx_word' id='word_1_3' title='bbox 892 416 1054 465; x_wconf 60' lang='lat' dir='ltr'>roenna&amp;</span> 
     </span>
    </p>
   </div>
   <div class='ocr_carea' id='block_1_2' title="bbox 267 750 1477 1034">
    <p class='ocr_par' dir='ltr' id='par_1_2' title="bbox 267 750 1477 1034">
     <span class='ocr_line' id='line_1_2' title="bbox 267 750 1477 839; baseline -0.008 -16"><span class='ocrx_word' id='word_1_4' title='bbox 267 758 297 823; x_wconf 88' lang='grc'>7.</span> <span class='ocrx_word' id='word_1_5' title='bbox 322 758 386 822; x_wconf 69' lang='lat' dir='ltr'>tlte</span> <span class='ocrx_word' id='word_1_6' title='bbox 403 756 517 819; x_wconf 77' lang='lat' dir='ltr'>Bonna</span> <span class='ocrx_word' id='word_1_7' title='bbox 534 756 704 830; x_wconf 72' lang='lat' dir='ltr'>Plenum,</span> <span class='ocrx_word' id='word_1_8' title='bbox 719 778 755 817; x_wconf 83' lang='lat' dir='ltr'>er</span> <span class='ocrx_word' id='word_1_9' title='bbox 769 756 928 837; x_wconf 73' lang='lat' dir='ltr'>Prieiltpc</span> <span class='ocrx_word' id='word_1_10' title='bbox 942 757 981 839; x_wconf 85' lang='lat' dir='ltr'>os</span> <span class='ocrx_word' id='word_1_11' title='bbox 991 756 1035 820; x_wconf 83' lang='lat' dir='ltr'>St.</span> <span class='ocrx_word' id='word_1_12' title='bbox 1052 752 1292 836; x_wconf 62' lang='lat' dir='ltr'>strepenneio</span> <span class='ocrx_word' id='word_1_13' title='bbox 1304 750 1477 834; x_wconf 68' lang='lat' dir='ltr'>favonios</span> 
     </span>
     <span class='ocr_line' id='line_1_3' title="bbox 354 847 1474 937; baseline -0.004 -21"><span class='ocrx_word' id='word_1_14' title='bbox 354 854 404 917; x_wconf 81' lang='lat' dir='ltr'>tite</span> <span class='ocrx_word' id='word_1_15' title='bbox 419 854 523 935; x_wconf 63' lang='lat' dir='ltr'>Alton</span> <span class='ocrx_word' id='word_1_16' title='bbox 537 855 575 934; x_wconf 90' lang='lat' dir='ltr'>of</span> <span class='ocrx_word' id='word_1_17' title='bbox 585 855 629 917; x_wconf 84' lang='lat' dir='ltr'>St.</span> <span class='ocrx_word' id='word_1_18' title='bbox 645 853 736 916; x_wconf 80' lang='lat' dir='ltr'>Peter·</span> <span class='ocrx_word' id='word_1_19' title='bbox 750 854 818 916; x_wconf 74' lang='lat' dir='ltr'>tirtel</span> <span class='ocrx_word' id='word_1_20' title='bbox 832 854 878 918; x_wconf 81' lang='lat' dir='ltr'>St.</span> <span class='ocrx_word' id='word_1_21' title='bbox 894 855 989 926; x_wconf 60' lang='lat' dir='ltr'>Patet,</span> <span class='ocrx_word' id='word_1_22' title='bbox 1004 852 1194 937; x_wconf 67' lang='lat' dir='ltr'>afterwards</span> <span class='ocrx_word' id='word_1_23' title='bbox 1208 850 1252 914; x_wconf 84' lang='lat' dir='ltr'>St.</span> <span class='ocrx_word' id='word_1_24' title='bbox 1264 847 1474 932; x_wconf 65' lang='lat' dir='ltr'>Attaiwtiue’o,</span> 
     </span>
     <span class='ocr_line' id='line_1_4' title="bbox 357 952 557 1034; baseline -0.01 -18"><span class='ocrx_word' id='word_1_25' title='bbox 357 952 557 1034; x_wconf 68' lang='lat' dir='ltr'>Carderbury.</span> 
     </span>
    </p>
   </div>
   <div class='ocr_carea' id='block_1_3' title="bbox 266 1096 1542 1575">
    <p class='ocr_par' dir='ltr' id='par_1_3' title="bbox 266 1096 1542 1575">
     <span class='ocr_line' id='line_1_5' title="bbox 314 1096 1542 1182; baseline -0.004 -19"><span class='ocrx_word' id='word_1_26' title='bbox 314 1104 354 1182; x_wconf 74' lang='lat' dir='ltr'>’l‘</span> <span class='ocrx_word' id='word_1_27' title='bbox 370 1101 593 1163; x_wconf 73' lang='lat' dir='ltr'>Acecsuxrs</span> <span class='ocrx_word' id='word_1_28' title='bbox 622 1099 800 1182; x_wconf 88' lang='lat' dir='ltr'>episcopus,</span> <span class='ocrx_word' id='word_1_29' title='bbox 831 1099 1042 1164; x_wconf 82' lang='lat' dir='ltr'>Dorobemiao</span> <span class='ocrx_word' id='word_1_30' title='bbox 1072 1097 1157 1162; x_wconf 82' lang='lat' dir='ltr'>sedis</span> <span class='ocrx_word' id='word_1_31' title='bbox 1188 1096 1337 1172; x_wconf 80' lang='lat' dir='ltr'>famulus,</span> <span class='ocrx_word' id='word_1_32' title='bbox 1367 1117 1473 1180; x_wconf 86' lang='lat' dir='ltr'>quem,</span> <span class='ocrx_word' id='word_1_33' title='bbox 1538 1156 1542 1165; x_wconf 88' lang='grc'>,</span> 
     </span>
     <span class='ocr_line' id='line_1_6' title="bbox 268 1195 1474 1282; baseline -0.004 -18"><span class='ocrx_word' id='word_1_34' title='bbox 268 1219 409 1282; x_wconf 87' lang='lat' dir='ltr'>superna</span> <span class='ocrx_word' id='word_1_35' title='bbox 455 1198 634 1280; x_wconf 82' lang='lat' dir='ltr'>inspirante</span> <span class='ocrx_word' id='word_1_36' title='bbox 687 1197 868 1272; x_wconf 89' lang='lat' dir='ltr'>elementia,</span> <span class='ocrx_word' id='word_1_37' title='bbox 913 1198 1120 1262; x_wconf 87' lang='lat' dir='ltr'>beatissimus</span> <span class='ocrx_word' id='word_1_38' title='bbox 1167 1216 1251 1279; x_wconf 85' lang='lat' dir='ltr'>papa</span> <span class='ocrx_word' id='word_1_39' title='bbox 1302 1195 1474 1278; x_wconf 57' lang='lat' dir='ltr'>Gerorius</span> 
     </span>
     <span class='ocr_line' id='line_1_7' title="bbox 267 1292 1473 1380; baseline -0.003 -20"><span class='ocrx_word' id='word_1_40' title='bbox 267 1297 417 1380; x_wconf 74' lang='lat' dir='ltr'>Anglieae</span> <span class='ocrx_word' id='word_1_41' title='bbox 443 1297 533 1379; x_wconf 79' lang='lat' dir='ltr'>genti</span> <span class='ocrx_word' id='word_1_42' title='bbox 557 1297 627 1360; x_wconf 90' lang='lat' dir='ltr'>Deo</span> <span class='ocrx_word' id='word_1_43' title='bbox 653 1297 859 1379; x_wconf 79' lang='lat' dir='ltr'>aeepriremlee</span> <span class='ocrx_word' id='word_1_44' title='bbox 884 1296 1076 1379; x_wconf 70' lang='lat' dir='ltr'>legatarium</span> <span class='ocrx_word' id='word_1_45' title='bbox 1100 1295 1198 1370; x_wconf 84' lang='lat' dir='ltr'>misit,</span> <span class='ocrx_word' id='word_1_46' title='bbox 1214 1315 1251 1357; x_wconf 87' lang='lat' dir='ltr'>ae</span> <span class='ocrx_word' id='word_1_47' title='bbox 1277 1292 1473 1357; x_wconf 86' lang='lat' dir='ltr'>ministrum¹</span> 
     </span>
     <span class='ocr_line' id='line_1_8' title="bbox 268 1391 1476 1478; baseline -0.002 -19"><span class='ocrx_word' id='word_1_48' title='bbox 268 1396 423 1459; x_wconf 82' lang='lat' dir='ltr'>omnibus</span> <span class='ocrx_word' id='word_1_49' title='bbox 446 1395 682 1458; x_wconf 84' lang='lat' dir='ltr'>suecessoribus</span> <span class='ocrx_word' id='word_1_50' title='bbox 708 1395 776 1458; x_wconf 89' lang='lat' dir='ltr'>suis</span> <span class='ocrx_word' id='word_1_51' title='bbox 803 1395 963 1478; x_wconf 88' lang='lat' dir='ltr'>episeopis</span> <span class='ocrx_word' id='word_1_52' title='bbox 985 1394 1176 1476; x_wconf 87' lang='lat' dir='ltr'>cunctisque</span> <span class='ocrx_word' id='word_1_53' title='bbox 1199 1391 1327 1474; x_wconf 80' lang='lat' dir='ltr'>Angliae</span> <span class='ocrx_word' id='word_1_54' title='bbox 1348 1392 1476 1476; x_wconf 82' lang='lat' dir='ltr'>regibus</span> 
     </span>
     <span class='ocr_line' id='line_1_9' title="bbox 266 1489 1476 1575; baseline -0.002 -19"><span class='ocrx_word' id='word_1_55' title='bbox 266 1515 342 1557; x_wconf 91' lang='lat' dir='ltr'>eum</span> <span class='ocrx_word' id='word_1_56' title='bbox 359 1493 427 1556; x_wconf 89' lang='lat' dir='ltr'>suis</span> <span class='ocrx_word' id='word_1_57' title='bbox 443 1492 580 1575; x_wconf 84' lang='lat' dir='ltr'>posteris</span> <span class='ocrx_word' id='word_1_58' title='bbox 595 1501 693 1575; x_wconf 81' lang='lat' dir='ltr'>atque</span> <span class='ocrx_word' id='word_1_59' title='bbox 708 1493 858 1555; x_wconf 85' lang='lat' dir='ltr'>omuibus</span> <span class='ocrx_word' id='word_1_60' title='bbox 875 1493 937 1556; x_wconf 88' lang='lat' dir='ltr'>Dei</span> <span class='ocrx_word' id='word_1_61' title='bbox 954 1491 1103 1557; x_wconf 70' lang='lat' dir='ltr'>lielelibus</span> <span class='ocrx_word' id='word_1_62' title='bbox 1118 1498 1152 1554; x_wconf 87' lang='lat' dir='ltr'>et</span> <span class='ocrx_word' id='word_1_63' title='bbox 1167 1490 1201 1552; x_wconf 89' lang='lat' dir='ltr'>iu</span> <span class='ocrx_word' id='word_1_64' title='bbox 1225 1489 1297 1554; x_wconf 85' lang='lat' dir='ltr'>fide·</span> <span class='ocrx_word' id='word_1_65' title='bbox 1309 1498 1343 1554; x_wconf 86' lang='lat' dir='ltr'>et</span> <span class='ocrx_word' id='word_1_66' title='bbox 1364 1490 1476 1575; x_wconf 78' lang='lat' dir='ltr'>gratia,</span> 
     </span>
    </p>
   </div>
   <div class='ocr_carea' id='block_1_4' title="bbox 270 1589 613 1675">
    <p class='ocr_par' dir='ltr' id='par_1_4' title="bbox 270 1589 613 1675">
     <span class='ocr_line' id='line_1_10' title="bbox 270 1589 613 1675; baseline 0.006 -25"><span class='ocrx_word' id='word_1_67' title='bbox 270 1613 384 1675; x_wconf 86' lang='lat' dir='ltr'>pacem</span> <span class='ocrx_word' id='word_1_68' title='bbox 400 1598 435 1655; x_wconf 84' lang='lat' dir='ltr'>et</span> <span class='ocrx_word' id='word_1_69' title='bbox 450 1589 613 1654; x_wconf 83' lang='lat' dir='ltr'>salutem²</span> 
     </span>
    </p>
   </div>
   <div class='ocr_carea' id='block_1_5' title="bbox 271 1685 1576 2468">
    <p class='ocr_par' dir='ltr' id='par_1_5' title="bbox 271 1685 1576 2468">
     <span class='ocr_line' id='line_1_11' title="bbox 316 1685 1476 1770; baseline -0.001 -19"><span class='ocrx_word' id='word_1_70' title='bbox 316 1690 411 1752; x_wconf 89' lang='lat' dir='ltr'>Patet</span> <span class='ocrx_word' id='word_1_71' title='bbox 434 1687 585 1752; x_wconf 88' lang='lat' dir='ltr'>omuibus</span> <span class='ocrx_word' id='word_1_72' title='bbox 608 1687 694 1770; x_wconf 80' lang='lat' dir='ltr'>quod</span> <span class='ocrx_word' id='word_1_73' title='bbox 710 1688 773 1751; x_wconf 89' lang='lat' dir='ltr'>Dei</span> <span class='ocrx_word' id='word_1_74' title='bbox 788 1688 939 1752; x_wconf 89' lang='lat' dir='ltr'>amabilis</span> <span class='ocrx_word' id='word_1_75' title='bbox 962 1709 1019 1752; x_wconf 84' lang='lat' dir='ltr'>rex</span> <span class='ocrx_word' id='word_1_76' title='bbox 1034 1686 1340 1762; x_wconf 65' lang='lat' dir='ltr'>clertllnsseunws,⁸</span> <span class='ocrx_word' id='word_1_77' title='bbox 1353 1685 1476 1769; x_wconf 89' lang='lat' dir='ltr'>primus</span> 
     </span>
     <span class='ocr_line' id='line_1_12' title="bbox 271 1785 1478 1870; baseline -0.002 -20"><span class='ocrx_word' id='word_1_78' title='bbox 271 1787 455 1870; x_wconf 70' lang='lat' dir='ltr'>Anglonun</span> <span class='ocrx_word' id='word_1_79' title='bbox 478 1807 588 1869; x_wconf 81' lang='lat' dir='ltr'>regum</span> <span class='ocrx_word' id='word_1_80' title='bbox 614 1786 733 1850; x_wconf 86' lang='lat' dir='ltr'>Christi</span> <span class='ocrx_word' id='word_1_81' title='bbox 757 1807 855 1869; x_wconf 83' lang='lat' dir='ltr'>reguo</span> <span class='ocrx_word' id='word_1_82' title='bbox 878 1792 1161 1862; x_wconf 75' lang='lat' dir='ltr'>sacratus,nost1a</span> <span class='ocrx_word' id='word_1_83' title='bbox 1182 1785 1339 1848; x_wconf 86' lang='lat' dir='ltr'>instant-ia</span> <span class='ocrx_word' id='word_1_84' title='bbox 1364 1792 1398 1849; x_wconf 85' lang='lat' dir='ltr'>et</span> <span class='ocrx_word' id='word_1_85' title='bbox 1420 1806 1478 1849; x_wconf 83' lang='lat' dir='ltr'>sua</span> 
     </span>
     <span class='ocr_line' id='line_1_13' title="bbox 272 1883 1576 1970; baseline 0.001 -26"><span class='ocrx_word' id='word_1_86' title='bbox 272 1887 407 1969; x_wconf 81' lang='lat' dir='ltr'>prodiga</span> <span class='ocrx_word' id='word_1_87' title='bbox 423 1884 652 1959; x_wconf 77' lang='lat' dir='ltr'>lenivoleutia,</span> <span class='ocrx_word' id='word_1_88' title='bbox 668 1885 754 1948; x_wconf 89' lang='lat' dir='ltr'>inter</span> <span class='ocrx_word' id='word_1_89' title='bbox 769 1893 903 1950; x_wconf 68' lang='lat' dir='ltr'>caeteras</span> <span class='ocrx_word' id='word_1_90' title='bbox 919 1885 1071 1950; x_wconf 85' lang='lat' dir='ltr'>eeclesias</span> <span class='ocrx_word' id='word_1_91' title='bbox 1086 1904 1166 1968; x_wconf 83' lang='lat' dir='ltr'>quas</span> <span class='ocrx_word' id='word_1_92' title='bbox 1182 1884 1259 1948; x_wconf 83' lang='lat' dir='ltr'>feeit</span> <span class='ocrx_word' id='word_1_93' title='bbox 1270 1891 1304 1946; x_wconf 88' lang='lat' dir='ltr'>et</span> <span class='ocrx_word' id='word_1_94' title='bbox 1318 1883 1478 1968; x_wconf 85' lang='lat' dir='ltr'>episcopia</span> <span class='ocrx_word' id='word_1_95' title='bbox 1572 1961 1576 1970; x_wconf 22' lang='grc' dir='ltr'>ι</span> 
     </span>
     <span class='ocr_line' id='line_1_14' title="bbox 272 1982 1479 2065; baseline -0.002 -19"><span class='ocrx_word' id='word_1_96' title='bbox 272 1984 506 2047; x_wconf 88' lang='lat' dir='ltr'>monasterium</span> <span class='ocrx_word' id='word_1_97' title='bbox 531 1991 624 2047; x_wconf 82' lang='lat' dir='ltr'>extra</span> <span class='ocrx_word' id='word_1_98' title='bbox 644 1983 847 2065; x_wconf 83' lang='lat' dir='ltr'>metropolim</span> <span class='ocrx_word' id='word_1_99' title='bbox 871 2005 964 2048; x_wconf 87' lang='lat' dir='ltr'>suam</span> <span class='ocrx_word' id='word_1_100' title='bbox 988 1984 1235 2047; x_wconf 69' lang='lat' dir='ltr'>Donounnxmn</span> <span class='ocrx_word' id='word_1_101' title='bbox 1258 1983 1292 2045; x_wconf 93' lang='lat' dir='ltr'>in</span> <span class='ocrx_word' id='word_1_102' title='bbox 1315 1982 1479 2045; x_wconf 77' lang='lat' dir='ltr'>bonormn‘</span> 
     </span>
     <span class='ocr_line' id='line_1_15' title="bbox 274 2079 1481 2167; baseline 0.001 -26"><span class='ocrx_word' id='word_1_103' title='bbox 274 2083 459 2167; x_wconf 73' lang='lat' dir='ltr'>principum</span> <span class='ocrx_word' id='word_1_104' title='bbox 476 2082 693 2166; x_wconf 86' lang='lat' dir='ltr'>apostolorum</span> <span class='ocrx_word' id='word_1_105' title='bbox 710 2083 798 2146; x_wconf 88' lang='lat' dir='ltr'>Petri</span> <span class='ocrx_word' id='word_1_106' title='bbox 814 2090 848 2147; x_wconf 91' lang='lat' dir='ltr'>et</span> <span class='ocrx_word' id='word_1_107' title='bbox 864 2082 958 2145; x_wconf 86' lang='lat' dir='ltr'>Pauli</span> <span class='ocrx_word' id='word_1_108' title='bbox 975 2082 1125 2165; x_wconf 79' lang='lat' dir='ltr'>regaliter</span> <span class='ocrx_word' id='word_1_109' title='bbox 1146 2081 1291 2145; x_wconf 83' lang='lat' dir='ltr'>condidit</span> <span class='ocrx_word' id='word_1_110' title='bbox 1313 2088 1346 2145; x_wconf 85' lang='lat' dir='ltr'>et</span> <span class='ocrx_word' id='word_1_111' title='bbox 1367 2079 1481 2164; x_wconf 66' lang='lat' dir='ltr'>reguli-</span> 
     </span>
     <span class='ocr_line' id='line_1_16' title="bbox 275 2179 1483 2264; baseline 0.002 -24"><span class='ocrx_word' id='word_1_112' title='bbox 275 2181 337 2244; x_wconf 85' lang='lat' dir='ltr'>bns</span> <span class='ocrx_word' id='word_1_113' title='bbox 352 2180 468 2264; x_wconf 88' lang='lat' dir='ltr'>opibus</span> <span class='ocrx_word' id='word_1_114' title='bbox 484 2180 665 2263; x_wconf 77' lang='lat' dir='ltr'>amplisque</span> <span class='ocrx_word' id='word_1_115' title='bbox 680 2181 938 2264; x_wconf 80' lang='lat' dir='ltr'>possessionibus</span> <span class='ocrx_word' id='word_1_116' title='bbox 950 2181 1078 2256; x_wconf 65' lang='lat' dir='ltr'>‹litai-it,</span> <span class='ocrx_word' id='word_1_117' title='bbox 1090 2179 1242 2255; x_wconf 74' lang='lat' dir='ltr'>elilitai&#39;it,</span> <span class='ocrx_word' id='word_1_118' title='bbox 1255 2179 1483 2263; x_wconf 73' lang='lat' dir='ltr'>magnificavit,</span> 
     </span>
     <span class='ocr_line' id='line_1_17' title="bbox 277 2277 1483 2364; baseline -0.002 -21"><span class='ocrx_word' id='word_1_119' title='bbox 277 2289 497 2363; x_wconf 85' lang='lat' dir='ltr'>perpetuaque</span> <span class='ocrx_word' id='word_1_120' title='bbox 519 2279 669 2343; x_wconf 86' lang='lat' dir='ltr'>libertate</span> <span class='ocrx_word' id='word_1_121' title='bbox 692 2290 725 2343; x_wconf 89' lang='lat' dir='ltr'>et</span> <span class='ocrx_word' id='word_1_122' title='bbox 749 2280 837 2343; x_wconf 89' lang='lat' dir='ltr'>omni</span> <span class='ocrx_word' id='word_1_123' title='bbox 857 2281 931 2361; x_wconf 90' lang='lat' dir='ltr'>jure</span> <span class='ocrx_word' id='word_1_124' title='bbox 955 2280 1043 2364; x_wconf 82' lang='lat' dir='ltr'>regio</span> <span class='ocrx_word' id='word_1_125' title='bbox 1065 2300 1139 2343; x_wconf 89' lang='lat' dir='ltr'>eum</span> <span class='ocrx_word' id='word_1_126' title='bbox 1162 2278 1311 2342; x_wconf 88' lang='lat' dir='ltr'>omnibus</span> <span class='ocrx_word' id='word_1_127' title='bbox 1333 2277 1427 2342; x_wconf 85' lang='lat' dir='ltr'>rebus</span> <span class='ocrx_word' id='word_1_128' title='bbox 1448 2284 1483 2341; x_wconf 90' lang='lat' dir='ltr'>et</span> 
     </span>
     <span class='ocr_line' id='line_1_18' title="bbox 275 2375 1485 2468; baseline -0.001 -29"><span class='ocrx_word' id='word_1_129' title='bbox 275 2379 410 2460; x_wconf 79' lang='lat' dir='ltr'>judiciis</span> <span class='ocrx_word' id='word_1_130' title='bbox 432 2379 520 2441; x_wconf 89' lang='lat' dir='ltr'>lutus</span> <span class='ocrx_word' id='word_1_131' title='bbox 536 2386 569 2441; x_wconf 87' lang='lat' dir='ltr'>et</span> <span class='ocrx_word' id='word_1_132' title='bbox 584 2378 661 2441; x_wconf 86' lang='lat' dir='ltr'>loris</span> <span class='ocrx_word' id='word_1_133' title='bbox 678 2377 740 2440; x_wconf 77' lang='lat' dir='ltr'>illi⁵</span> <span class='ocrx_word' id='word_1_134' title='bbox 754 2379 994 2468; x_wconf 76' lang='lat' dir='ltr'>pertinentibus</span> <span class='ocrx_word' id='word_1_135' title='bbox 1009 2378 1161 2453; x_wconf 76' lang='lat' dir='ltr'>munivit,</span> <span class='ocrx_word' id='word_1_136' title='bbox 1175 2398 1297 2459; x_wconf 81' lang='lat' dir='ltr'>suoque</span> <span class='ocrx_word' id='word_1_137' title='bbox 1314 2376 1399 2461; x_wconf 79' lang='lat' dir='ltr'>regio</span> <span class='ocrx_word' id='word_1_138' title='bbox 1419 2375 1485 2460; x_wconf 85' lang='lat' dir='ltr'>pri·</span> 
     </span>
    </p>
   </div>
   <div class='ocr_carea' id='block_1_6' title="bbox 238 2475 1484 2560">
    <p class='ocr_par' dir='ltr' id='par_1_6' title="bbox 238 2475 1484 2560">
     <span class='ocr_line' id='line_1_19' title="bbox 238 2475 1484 2560; baseline 0.001 -23"><span class='ocrx_word' id='word_1_139' title='bbox 238 2515 239 2519; x_wconf 59' lang='lat'><em>=</em></span> <span class='ocrx_word' id='word_1_140' title='bbox 276 2477 397 2560; x_wconf 74' lang='lat' dir='ltr'>vilegio</span> <span class='ocrx_word' id='word_1_141' title='bbox 423 2486 457 2540; x_wconf 87' lang='lat' dir='ltr'>et</span> <span class='ocrx_word' id='word_1_142' title='bbox 482 2478 615 2560; x_wconf 88' lang='lat' dir='ltr'>superui</span> <span class='ocrx_word' id='word_1_143' title='bbox 641 2476 758 2559; x_wconf 87' lang='lat' dir='ltr'>judieii</span> <span class='ocrx_word' id='word_1_144' title='bbox 789 2477 1021 2560; x_wconf 80' lang='lat' dir='ltr'>imprecatione</span> <span class='ocrx_word' id='word_1_145' title='bbox 1051 2486 1148 2560; x_wconf 82' lang='lat' dir='ltr'>atque</span> <span class='ocrx_word' id='word_1_146' title='bbox 1179 2475 1353 2558; x_wconf 71' lang='lat' dir='ltr'>apostoliea</span> <span class='ocrx_word' id='word_1_147' title='bbox 1381 2475 1484 2539; x_wconf 87' lang='lat' dir='ltr'>sancti</span> 
     </span>
    </p>
   </div>
   <div class='ocr_carea' id='block_1_7' title="bbox 274 2574 1537 4437">
    <p class='ocr_par' dir='ltr' id='par_1_7' title="bbox 274 2574 1537 4437">
     <span class='ocr_line' id='line_1_20' title="bbox 275 2574 1486 2660; baseline 0.004 -28"><span class='ocrx_word' id='word_1_148' title='bbox 275 2597 371 2659; x_wconf 74' lang='lat' dir='ltr'>papm</span> <span class='ocrx_word' id='word_1_149' title='bbox 386 2575 533 2660; x_wconf 75' lang='lat' dir='ltr'><strong>Gregorii</strong></span> <span class='ocrx_word' id='word_1_150' title='bbox 547 2576 811 2640; x_wconf 77' lang='lat' dir='ltr'>interminatione</span> <span class='ocrx_word' id='word_1_151' title='bbox 826 2575 1155 2640; x_wconf 80' lang='lat' dir='ltr'>oxeornnnmicatoria</span> <span class='ocrx_word' id='word_1_152' title='bbox 1169 2580 1279 2639; x_wconf 83' lang='lat' dir='ltr'>eontra</span> <span class='ocrx_word' id='word_1_153' title='bbox 1294 2595 1421 2637; x_wconf 89' lang='lat' dir='ltr'>omnem</span> <span class='ocrx_word' id='word_1_154' title='bbox 1436 2574 1486 2637; x_wconf 88' lang='lat' dir='ltr'>iu·</span> 
     </span>
     <span class='ocr_line' id='line_1_21' title="bbox 274 2672 1488 2758; baseline 0.001 -22"><span class='ocrx_word' id='word_1_155' title='bbox 274 2675 396 2756; x_wconf 88' lang='lat' dir='ltr'>jurium</span> <span class='ocrx_word' id='word_1_156' title='bbox 428 2674 639 2738; x_wconf 71' lang='lat' dir='ltr'>consumavit.</span> <span class='ocrx_word' id='word_1_157' title='bbox 684 2675 753 2757; x_wconf 82' lang='lat' dir='ltr'>Ego</span> <span class='ocrx_word' id='word_1_158' title='bbox 784 2696 924 2758; x_wconf 82' lang='lat' dir='ltr'>quoque,</span> <span class='ocrx_word' id='word_1_159' title='bbox 948 2674 1094 2758; x_wconf 87' lang='lat' dir='ltr'>ejusdem</span> <span class='ocrx_word' id='word_1_160' title='bbox 1117 2673 1276 2737; x_wconf 72' lang='lat' dir='ltr'>libertatis</span> <span class='ocrx_word' id='word_1_161' title='bbox 1306 2672 1432 2754; x_wconf 84' lang='lat' dir='ltr'>adjutor</span> <span class='ocrx_word' id='word_1_162' title='bbox 1452 2678 1488 2737; x_wconf 85' lang='lat' dir='ltr'>et</span> 
     </span>
     <span class='ocr_line' id='line_1_22' title="bbox 279 2771 1486 2856; baseline 0.002 -24"><span class='ocrx_word' id='word_1_163' title='bbox 279 2773 508 2855; x_wconf 71' lang='lat' dir='ltr'>patrocinator,</span> <span class='ocrx_word' id='word_1_164' title='bbox 538 2794 649 2835; x_wconf 90' lang='lat' dir='ltr'>omues</span> <span class='ocrx_word' id='word_1_165' title='bbox 680 2793 879 2837; x_wconf 74' lang='lat' dir='ltr'>successores</span> <span class='ocrx_word' id='word_1_166' title='bbox 909 2794 999 2837; x_wconf 82' lang='lat' dir='ltr'>meos</span> <span class='ocrx_word' id='word_1_167' title='bbox 1024 2771 1290 2856; x_wconf 63' lang='lat' dir='ltr'>archiepiscopos</span> <span class='ocrx_word' id='word_1_168' title='bbox 1313 2791 1486 2855; x_wconf 84' lang='lat' dir='ltr'>omnesque</span> 
     </span>
     <span class='ocr_line' id='line_1_23' title="bbox 277 2868 1487 2955; baseline 0 -22"><span class='ocrx_word' id='word_1_169' title='bbox 277 2868 512 2933; x_wconf 78' lang='lat' dir='ltr'>ecclesiasticas</span> <span class='ocrx_word' id='word_1_170' title='bbox 543 2869 596 2934; x_wconf 75' lang='lat' dir='ltr'>rel</span> <span class='ocrx_word' id='word_1_171' title='bbox 627 2870 798 2934; x_wconf 81' lang='lat' dir='ltr'>saeeulares</span> <span class='ocrx_word' id='word_1_172' title='bbox 831 2879 1035 2955; x_wconf 79' lang='lat' dir='ltr'>postestates,</span> <span class='ocrx_word' id='word_1_173' title='bbox 1065 2892 1122 2954; x_wconf 87' lang='lat' dir='ltr'>per</span> <span class='ocrx_word' id='word_1_174' title='bbox 1151 2870 1321 2933; x_wconf 87' lang='lat' dir='ltr'>dominum</span> <span class='ocrx_word' id='word_1_175' title='bbox 1350 2869 1487 2933; x_wconf 85' lang='lat' dir='ltr'>Jlresnm</span> 
     </span>
     <span class='ocr_line' id='line_1_24' title="bbox 279 2969 1488 3053; baseline -0.001 -18"><span class='ocrx_word' id='word_1_176' title='bbox 279 2969 448 3035; x_wconf 71' lang='lat' dir='ltr'>Christum</span> <span class='ocrx_word' id='word_1_177' title='bbox 475 2977 508 3032; x_wconf 88' lang='lat' dir='ltr'>et</span> <span class='ocrx_word' id='word_1_178' title='bbox 535 2970 752 3052; x_wconf 84' lang='lat' dir='ltr'>apostolorum</span> <span class='ocrx_word' id='word_1_179' title='bbox 777 2971 848 3051; x_wconf 86' lang='lat' dir='ltr'>ejus</span> <span class='ocrx_word' id='word_1_180' title='bbox 871 2970 1086 3034; x_wconf 76' lang='lat' dir='ltr'>reverentiam</span> <span class='ocrx_word' id='word_1_181' title='bbox 1109 2969 1260 3045; x_wconf 81' lang='lat' dir='ltr'>obtestor,</span> <span class='ocrx_word' id='word_1_182' title='bbox 1278 2975 1374 3051; x_wconf 80' lang='lat' dir='ltr'>atque</span> <span class='ocrx_word' id='word_1_183' title='bbox 1396 2991 1488 3053; x_wconf 90' lang='lat' dir='ltr'>apos·</span> 
     </span>
     <span class='ocr_line' id='line_1_25' title="bbox 279 3065 1489 3151; baseline 0.005 -23"><span class='ocrx_word' id='word_1_184' title='bbox 279 3065 392 3129; x_wconf 78' lang='lat' dir='ltr'>toliea⁶</span> <span class='ocrx_word' id='word_1_185' title='bbox 418 3067 520 3149; x_wconf 87' lang='lat' dir='ltr'>putris</span> <span class='ocrx_word' id='word_1_186' title='bbox 544 3067 646 3130; x_wconf 89' lang='lat' dir='ltr'>nostri</span> <span class='ocrx_word' id='word_1_187' title='bbox 671 3088 765 3150; x_wconf 83' lang='lat' dir='ltr'>papae</span> <span class='ocrx_word' id='word_1_188' title='bbox 792 3069 940 3151; x_wconf 78' lang='lat' dir='ltr'>Gregorii</span> <span class='ocrx_word' id='word_1_189' title='bbox 968 3067 1235 3136; x_wconf 82' lang='lat' dir='ltr'>interminatione</span> <span class='ocrx_word' id='word_1_190' title='bbox 1262 3067 1428 3143; x_wconf 86' lang='lat' dir='ltr'>interdico,</span> <span class='ocrx_word' id='word_1_191' title='bbox 1447 3091 1489 3137; x_wconf 87' lang='lat' dir='ltr'>ue</span> 
     </span>
     <span class='ocr_line' id='line_1_26' title="bbox 280 3164 1488 3250; baseline 0.007 -27"><span class='ocrx_word' id='word_1_192' title='bbox 280 3164 454 3247; x_wconf 76' lang='lat' dir='ltr'>quisquam</span> <span class='ocrx_word' id='word_1_193' title='bbox 471 3185 615 3247; x_wconf 82' lang='lat' dir='ltr'>miquam</span> <span class='ocrx_word' id='word_1_194' title='bbox 631 3164 731 3227; x_wconf 86' lang='lat' dir='ltr'>ullam</span> <span class='ocrx_word' id='word_1_195' title='bbox 748 3166 1026 3248; x_wconf 84' lang='lat' dir='ltr'>potestatem⁷ant</span> <span class='ocrx_word' id='word_1_196' title='bbox 1037 3166 1240 3230; x_wconf 84' lang='lat' dir='ltr'>dominatum</span> <span class='ocrx_word' id='word_1_197' title='bbox 1250 3173 1305 3228; x_wconf 89' lang='lat' dir='ltr'>aut</span> <span class='ocrx_word' id='word_1_198' title='bbox 1318 3166 1488 3250; x_wconf 86' lang='lat' dir='ltr'>imperium</span> 
     </span>
     <span class='ocr_line' id='line_1_27' title="bbox 283 3261 1489 3345; baseline 0.005 -21"><span class='ocrx_word' id='word_1_199' title='bbox 283 3262 317 3324; x_wconf 93' lang='lat' dir='ltr'>iu</span> <span class='ocrx_word' id='word_1_200' title='bbox 330 3261 391 3326; x_wconf 85' lang='lat' dir='ltr'>hoc</span> <span class='ocrx_word' id='word_1_201' title='bbox 403 3262 602 3326; x_wconf 81' lang='lat' dir='ltr'>dominicum</span> <span class='ocrx_word' id='word_1_202' title='bbox 615 3262 667 3327; x_wconf 80' lang='lat' dir='ltr'>rel</span> <span class='ocrx_word' id='word_1_203' title='bbox 676 3264 890 3345; x_wconf 74' lang='lat' dir='ltr'>apistolieum</span> <span class='ocrx_word' id='word_1_204' title='bbox 903 3265 1137 3328; x_wconf 88' lang='lat' dir='ltr'>monasterimn</span> <span class='ocrx_word' id='word_1_205' title='bbox 1149 3264 1202 3328; x_wconf 80' lang='lat' dir='ltr'>vel</span> <span class='ocrx_word' id='word_1_206' title='bbox 1214 3273 1315 3328; x_wconf 79' lang='lat' dir='ltr'>terras</span> <span class='ocrx_word' id='word_1_207' title='bbox 1327 3264 1378 3329; x_wconf 83' lang='lat' dir='ltr'>vel</span> <span class='ocrx_word' id='word_1_208' title='bbox 1389 3265 1489 3330; x_wconf 86' lang='lat' dir='ltr'>eecle-</span> 
     </span>
     <span class='ocr_line' id='line_1_28' title="bbox 282 3345 1537 3448; baseline 0.004 -25"><span class='ocrx_word' id='word_1_209' title='bbox 282 3360 347 3424; x_wconf 84' lang='lat' dir='ltr'>sias</span> <span class='ocrx_word' id='word_1_210' title='bbox 359 3359 401 3424; x_wconf 81' lang='lat' dir='ltr'>ad</span> <span class='ocrx_word' id='word_1_211' title='bbox 411 3360 492 3424; x_wconf 77' lang='lat' dir='ltr'>illud</span> <span class='ocrx_word' id='word_1_212' title='bbox 503 3363 701 3444; x_wconf 80' lang='lat' dir='ltr'>pertinentes</span> <span class='ocrx_word' id='word_1_213' title='bbox 712 3384 867 3446; x_wconf 83' lang='lat' dir='ltr'>usurpare</span> <span class='ocrx_word' id='word_1_214' title='bbox 880 3374 1065 3446; x_wconf 60' lang='lat' dir='ltr'>praesumat,</span> <span class='ocrx_word' id='word_1_215' title='bbox 1080 3384 1139 3428; x_wconf 91' lang='lat' dir='ltr'>nee</span> <span class='ocrx_word' id='word_1_216' title='bbox 1155 3363 1222 3426; x_wconf 89' lang='lat' dir='ltr'>ulla</span> <span class='ocrx_word' id='word_1_217' title='bbox 1238 3384 1365 3446; x_wconf 82' lang='lat' dir='ltr'>prorsus</span> <span class='ocrx_word' id='word_1_218' title='bbox 1380 3365 1490 3448; x_wconf 87' lang='lat' dir='ltr'>subju·</span> <span class='ocrx_word' id='word_1_219' title='bbox 1517 3345 1537 3358; x_wconf 79' lang='lat'>..</span> 
     </span>
     <span class='ocr_line' id='line_1_29' title="bbox 282 3459 1491 3545; baseline 0.007 -25"><span class='ocrx_word' id='word_1_220' title='bbox 282 3459 423 3542; x_wconf 81' lang='lat' dir='ltr'>gationis</span> <span class='ocrx_word' id='word_1_221' title='bbox 446 3470 502 3523; x_wconf 90' lang='lat' dir='ltr'>unt</span> <span class='ocrx_word' id='word_1_222' title='bbox 525 3462 692 3525; x_wconf 68' lang='lat' dir='ltr'>seruitutis</span> <span class='ocrx_word' id='word_1_223' title='bbox 714 3472 771 3525; x_wconf 88' lang='lat' dir='ltr'>aut</span> <span class='ocrx_word' id='word_1_224' title='bbox 795 3463 911 3526; x_wconf 88' lang='lat' dir='ltr'>tributi</span> <span class='ocrx_word' id='word_1_225' title='bbox 928 3463 1113 3528; x_wconf 83' lang='lat' dir='ltr'>conditione</span> <span class='ocrx_word' id='word_1_226' title='bbox 1129 3461 1181 3527; x_wconf 76' lang='lat' dir='ltr'>vel</span> <span class='ocrx_word' id='word_1_227' title='bbox 1202 3462 1236 3525; x_wconf 91' lang='lat' dir='ltr'>in</span> <span class='ocrx_word' id='word_1_228' title='bbox 1260 3483 1374 3545; x_wconf 60' lang='lat' dir='ltr'>magma</span> <span class='ocrx_word' id='word_1_229' title='bbox 1388 3464 1441 3527; x_wconf 78' lang='lat' dir='ltr'>vel</span> <span class='ocrx_word' id='word_1_230' title='bbox 1456 3465 1491 3528; x_wconf 91' lang='lat' dir='ltr'>iu</span> 
     </span>
     <span class='ocr_line' id='line_1_30' title="bbox 284 3559 1493 3645; baseline 0.007 -26"><span class='ocrx_word' id='word_1_231' title='bbox 284 3559 421 3623; x_wconf 90' lang='lat' dir='ltr'>minimo</span> <span class='ocrx_word' id='word_1_232' title='bbox 444 3559 506 3623; x_wconf 86' lang='lat' dir='ltr'>Dei</span> <span class='ocrx_word' id='word_1_233' title='bbox 529 3561 695 3624; x_wconf 82' lang='lat' dir='ltr'>ministros</span> <span class='ocrx_word' id='word_1_234' title='bbox 718 3561 879 3644; x_wconf 76' lang='lat' dir='ltr'>inquietet</span> <span class='ocrx_word' id='word_1_235' title='bbox 903 3570 961 3625; x_wconf 90' lang='lat' dir='ltr'>aut</span> <span class='ocrx_word' id='word_1_236' title='bbox 987 3563 1157 3645; x_wconf 83' lang='lat' dir='ltr'>opprimat.</span> <span class='ocrx_word' id='word_1_237' title='bbox 1201 3562 1361 3625; x_wconf 77' lang='lat' dir='ltr'>Ablntem</span> <span class='ocrx_word' id='word_1_238' title='bbox 1384 3563 1493 3628; x_wconf 87' lang='lat' dir='ltr'>asnis</span> 
     </span>
     <span class='ocr_line' id='line_1_31' title="bbox 284 3657 1491 3725; baseline 0.006 -7"><span class='ocrx_word' id='word_1_239' title='bbox 284 3657 441 3720; x_wconf 71' lang='lat' dir='ltr'>frattribus</span> <span class='ocrx_word' id='word_1_240' title='bbox 456 3657 595 3721; x_wconf 86' lang='lat' dir='ltr'>electum</span> <span class='ocrx_word' id='word_1_241' title='bbox 619 3660 652 3721; x_wconf 92' lang='lat' dir='ltr'>in</span> <span class='ocrx_word' id='word_1_242' title='bbox 675 3658 788 3723; x_wconf 77' lang='lat' dir='ltr'>eodem</span> <span class='ocrx_word' id='word_1_243' title='bbox 811 3661 1007 3724; x_wconf 87' lang='lat' dir='ltr'>monasterio</span> <span class='ocrx_word' id='word_1_244' title='bbox 1028 3666 1095 3724; x_wconf 90' lang='lat' dir='ltr'>nou</span> <span class='ocrx_word' id='word_1_245' title='bbox 1118 3660 1159 3723; x_wconf 83' lang='lat' dir='ltr'>ad</span> <span class='ocrx_word' id='word_1_246' title='bbox 1181 3680 1277 3723; x_wconf 88' lang='lat' dir='ltr'>suum</span> <span class='ocrx_word' id='word_1_247' title='bbox 1301 3659 1491 3725; x_wconf 83' lang='lat' dir='ltr'>famulatum</span> 
     </span>
     <span class='ocr_line' id='line_1_32' title="bbox 284 3755 1492 3834; baseline 0.006 -16"><span class='ocrx_word' id='word_1_248' title='bbox 284 3755 341 3818; x_wconf 85' lang='lat' dir='ltr'>sed</span> <span class='ocrx_word' id='word_1_249' title='bbox 357 3755 398 3818; x_wconf 81' lang='lat' dir='ltr'>ad</span> <span class='ocrx_word' id='word_1_250' title='bbox 414 3756 612 3821; x_wconf 85' lang='lat' dir='ltr'>dominicum</span> <span class='ocrx_word' id='word_1_251' title='bbox 627 3758 844 3822; x_wconf 82' lang='lat' dir='ltr'>ministerium</span> <span class='ocrx_word' id='word_1_252' title='bbox 857 3759 995 3834; x_wconf 87' lang='lat' dir='ltr'>ordinet,</span> <span class='ocrx_word' id='word_1_253' title='bbox 1011 3780 1072 3824; x_wconf 89' lang='lat' dir='ltr'>nee</span> <span class='ocrx_word' id='word_1_254' title='bbox 1088 3759 1150 3822; x_wconf 89' lang='lat' dir='ltr'>sibi</span> <span class='ocrx_word' id='word_1_255' title='bbox 1166 3758 1254 3823; x_wconf 90' lang='lat' dir='ltr'>hunc</span> <span class='ocrx_word' id='word_1_256' title='bbox 1268 3759 1420 3824; x_wconf 86' lang='lat' dir='ltr'>obaudire</span> <span class='ocrx_word' id='word_1_257' title='bbox 1435 3760 1492 3825; x_wconf 76' lang='lat' dir='ltr'>scu</span> 
     </span>
     <span class='ocr_line' id='line_1_33' title="bbox 288 3853 1493 3939; baseline 0.007 -24"><span class='ocrx_word' id='word_1_258' title='bbox 288 3853 359 3918; x_wconf 70' lang='lat' dir='ltr'>lieo</span> <span class='ocrx_word' id='word_1_259' title='bbox 382 3855 533 3936; x_wconf 74' lang='lat' dir='ltr'>suacleat3</span> <span class='ocrx_word' id='word_1_260' title='bbox 555 3878 614 3920; x_wconf 88' lang='lat' dir='ltr'>nec</span> <span class='ocrx_word' id='word_1_261' title='bbox 630 3878 705 3920; x_wconf 79' lang='lat' dir='ltr'>vem</span> <span class='ocrx_word' id='word_1_262' title='bbox 720 3858 783 3921; x_wconf 87' lang='lat' dir='ltr'>sibi</span> <span class='ocrx_word' id='word_1_263' title='bbox 799 3859 993 3939; x_wconf 85' lang='lat' dir='ltr'>subjeetum,</span> <span class='ocrx_word' id='word_1_264' title='bbox 1008 3858 1065 3923; x_wconf 87' lang='lat' dir='ltr'>sed</span> <span class='ocrx_word' id='word_1_265' title='bbox 1088 3858 1220 3922; x_wconf 83' lang='lat' dir='ltr'>fratrem</span> <span class='ocrx_word' id='word_1_266' title='bbox 1236 3857 1292 3923; x_wconf 89' lang='lat' dir='ltr'>sed</span> <span class='ocrx_word' id='word_1_267' title='bbox 1307 3867 1493 3937; x_wconf 85' lang='lat' dir='ltr'>consortem,</span> 
     </span>
     <span class='ocr_line' id='line_1_34' title="bbox 286 3953 1492 4041; baseline 0.007 -28"><span class='ocrx_word' id='word_1_268' title='bbox 286 3953 344 4017; x_wconf 69' lang='lat' dir='ltr'>seul</span> <span class='ocrx_word' id='word_1_269' title='bbox 366 3953 530 4036; x_wconf 80' lang='lat' dir='ltr'>collegam,</span> <span class='ocrx_word' id='word_1_270' title='bbox 546 3961 579 4018; x_wconf 87' lang='lat' dir='ltr'>et</span> <span class='ocrx_word' id='word_1_271' title='bbox 601 3956 860 4019; x_wconf 86' lang='lat' dir='ltr'>comministrum</span> <span class='ocrx_word' id='word_1_272' title='bbox 884 3957 919 4020; x_wconf 91' lang='lat' dir='ltr'>iu</span> <span class='ocrx_word' id='word_1_273' title='bbox 943 3978 1025 4039; x_wconf 87' lang='lat' dir='ltr'>opus</span> <span class='ocrx_word' id='word_1_274' title='bbox 1047 3957 1246 4020; x_wconf 88' lang='lat' dir='ltr'>dominicum</span> <span class='ocrx_word' id='word_1_275' title='bbox 1267 3978 1341 4021; x_wconf 85' lang='lat' dir='ltr'>enm</span> <span class='ocrx_word' id='word_1_276' title='bbox 1356 3966 1492 4041; x_wconf 73' lang='lat' dir='ltr'>reputet.</span> 
     </span>
     <span class='ocr_line' id='line_1_35' title="bbox 288 4050 1491 4137; baseline 0.007 -24"><span class='ocrx_word' id='word_1_277' title='bbox 288 4050 364 4115; x_wconf 78' lang='lat' dir='ltr'>Xon</span> <span class='ocrx_word' id='word_1_278' title='bbox 387 4052 434 4115; x_wconf 77' lang='lat' dir='ltr'>ini</span> <span class='ocrx_word' id='word_1_279' title='bbox 457 4054 569 4117; x_wconf 78' lang='lat' dir='ltr'>missas</span> <span class='ocrx_word' id='word_1_280' title='bbox 585 4055 676 4137; x_wconf 84' lang='lat' dir='ltr'>qnasi</span> <span class='ocrx_word' id='word_1_281' title='bbox 700 4054 741 4118; x_wconf 86' lang='lat' dir='ltr'>ad</span> <span class='ocrx_word' id='word_1_282' title='bbox 761 4076 828 4120; x_wconf 67' lang='lat' dir='ltr'>snae</span> <span class='ocrx_word' id='word_1_283' title='bbox 843 4056 979 4120; x_wconf 81' lang='lat' dir='ltr'>&lt;litionis</span> <span class='ocrx_word' id='word_1_284' title='bbox 995 4055 1106 4131; x_wconf 89' lang='lat' dir='ltr'>altare,</span> <span class='ocrx_word' id='word_1_285' title='bbox 1120 4077 1181 4120; x_wconf 89' lang='lat' dir='ltr'>nee</span> <span class='ocrx_word' id='word_1_286' title='bbox 1201 4056 1417 4120; x_wconf 82' lang='lat' dir='ltr'>ordinationes</span> <span class='ocrx_word' id='word_1_287' title='bbox 1438 4056 1491 4121; x_wconf 75' lang='lat' dir='ltr'>vel</span> 
     </span>
     <span class='ocr_line' id='line_1_36' title="bbox 288 4148 1491 4238; baseline 0.007 -27"><span class='ocrx_word' id='word_1_288' title='bbox 288 4148 530 4215; x_wconf 81' lang='lat' dir='ltr'>lenedietiones</span> <span class='ocrx_word' id='word_1_289' title='bbox 571 4154 758 4236; x_wconf 80' lang='lat' dir='ltr'>usurpative</span> <span class='ocrx_word' id='word_1_290' title='bbox 796 4156 866 4219; x_wconf 87' lang='lat' dir='ltr'>siue</span> <span class='ocrx_word' id='word_1_291' title='bbox 911 4156 1041 4218; x_wconf 82' lang='lat' dir='ltr'>ablutis</span> <span class='ocrx_word' id='word_1_292' title='bbox 1077 4154 1130 4219; x_wconf 83' lang='lat' dir='ltr'>rel</span> <span class='ocrx_word' id='word_1_293' title='bbox 1169 4155 1304 4218; x_wconf 82' lang='lat' dir='ltr'>fnrtrum</span> <span class='ocrx_word' id='word_1_294' title='bbox 1337 4156 1491 4238; x_wconf 91' lang='lat' dir='ltr'>petitione</span> 
     </span>
     <span class='ocr_line' id='line_1_37' title="bbox 289 4250 1492 4334; baseline 0.007 -23"><span class='ocrx_word' id='word_1_295' title='bbox 289 4257 446 4314; x_wconf 85' lang='lat' dir='ltr'>exerceat.</span> <span class='ocrx_word' id='word_1_296' title='bbox 491 4250 628 4314; x_wconf 76' lang='lat' dir='ltr'>Nullum</span> <span class='ocrx_word' id='word_1_297' title='bbox 651 4252 714 4314; x_wconf 74' lang='lat' dir='ltr'>sini</span> <span class='ocrx_word' id='word_1_298' title='bbox 733 4253 789 4334; x_wconf 87' lang='lat' dir='ltr'>jus</span> <span class='ocrx_word' id='word_1_299' title='bbox 812 4254 1134 4317; x_wconf 81' lang='lat' dir='ltr'>consuetudinarimu</span> <span class='ocrx_word' id='word_1_300' title='bbox 1151 4253 1203 4318; x_wconf 74' lang='lat' dir='ltr'>rel</span> <span class='ocrx_word' id='word_1_301' title='bbox 1227 4254 1261 4317; x_wconf 91' lang='lat' dir='ltr'>in</span> <span class='ocrx_word' id='word_1_302' title='bbox 1282 4254 1435 4318; x_wconf 75' lang='lat' dir='ltr'>vilissima</span> <span class='ocrx_word' id='word_1_303' title='bbox 1456 4274 1492 4319; x_wconf 82' lang='lat' dir='ltr'>re</span> 
     </span>
     <span class='ocr_line' id='line_1_38' title="bbox 288 4347 1491 4437; baseline 0.006 -27"><span class='ocrx_word' id='word_1_304' title='bbox 288 4347 407 4432; x_wconf 79' lang='lat' dir='ltr'>exigat,</span> <span class='ocrx_word' id='word_1_305' title='bbox 422 4359 583 4433; x_wconf 82' lang='lat' dir='ltr'>qnatenus</span> <span class='ocrx_word' id='word_1_306' title='bbox 603 4352 691 4434; x_wconf 90' lang='lat' dir='ltr'>pacis</span> <span class='ocrx_word' id='word_1_307' title='bbox 711 4353 883 4417; x_wconf 82' lang='lat' dir='ltr'>eoncordia</span> <span class='ocrx_word' id='word_1_308' title='bbox 905 4374 1009 4416; x_wconf 81' lang='lat' dir='ltr'>animi</span> <span class='ocrx_word' id='word_1_309' title='bbox 1033 4353 1100 4416; x_wconf 90' lang='lat' dir='ltr'>sint</span> <span class='ocrx_word' id='word_1_310' title='bbox 1123 4353 1157 4416; x_wconf 94' lang='lat' dir='ltr'>in</span> <span class='ocrx_word' id='word_1_311' title='bbox 1179 4352 1311 4418; x_wconf 86' lang='lat' dir='ltr'>domino</span> <span class='ocrx_word' id='word_1_312' title='bbox 1333 4353 1491 4437; x_wconf 86' lang='lat' dir='ltr'>utrinque.</span> 
     </span>
    </p>
   </div>
   <div class='ocr_carea' id='block_1_8' title="bbox 292 4544 1492 4764">
    <p class='ocr_par' dir='ltr' id='par_1_8' title="bbox 292 4544 1492 4764">
     <span class='ocr_line' id='line_1_39' title="bbox 340 4544 1485 4614; baseline 0.004 -19"><span class='ocrx_word' id='word_1_313' title='bbox 340 4544 712 4608; x_wconf 58' lang='lat' dir='ltr'>¹Ammmma0fi</span> <span class='ocrx_word' id='word_1_314' title='bbox 808 4547 1195 4614; x_wconf 54' lang='grc' dir='ltr'>’ἃωωάωωᾶα</span> <span class='ocrx_word' id='word_1_315' title='bbox 1295 4549 1485 4600; x_wconf 51' lang='grc' dir='ltr'>ῚΜΜΨ</span> 
     </span>
     <span class='ocr_line' id='line_1_40' title="bbox 292 4616 1492 4689; baseline 0.008 -20"><span class='ocrx_word' id='word_1_316' title='bbox 292 4616 324 4669; x_wconf 84' lang='grc' dir='ltr'>Β.</span> <span class='ocrx_word' id='word_1_317' title='bbox 340 4622 374 4672; x_wconf 81' lang='lat' dir='ltr'>D.</span> <span class='ocrx_word' id='word_1_318' title='bbox 389 4621 433 4681; x_wconf 58' lang='grc' dir='ltr'>ἧς</span> <span class='ocrx_word' id='word_1_319' title='bbox 450 4625 634 4682; x_wconf 68' lang='grc' dir='ltr'>.Ε11ιι11κι1ιιιι’,</span> <span class='ocrx_word' id='word_1_320' title='bbox 648 4624 682 4676; x_wconf 84' lang='lat' dir='ltr'>C.</span> <span class='ocrx_word' id='word_1_321' title='bbox 815 4628 825 4657; x_wconf 76' lang='lat'><strong><em>⁴</em></strong></span> <span class='ocrx_word' id='word_1_322' title='bbox 845 4628 955 4687; x_wconf 79' lang='lat' dir='ltr'>llonnre,</span> <span class='ocrx_word' id='word_1_323' title='bbox 970 4626 1002 4676; x_wconf 89' lang='grc' dir='ltr'>Β.</span> <span class='ocrx_word' id='word_1_324' title='bbox 1016 4626 1050 4678; x_wconf 86' lang='lat'>0.</span> <span class='ocrx_word' id='word_1_325' title='bbox 1066 4626 1099 4677; x_wconf 87' lang='lat' dir='ltr'>D.</span> <span class='ocrx_word' id='word_1_326' title='bbox 1114 4624 1144 4676; x_wconf 73' lang='lat' dir='ltr'>F.</span> <span class='ocrx_word' id='word_1_327' title='bbox 1268 4627 1279 4658; x_wconf 76' lang='lat'>³</span> <span class='ocrx_word' id='word_1_328' title='bbox 1296 4627 1351 4689; x_wconf 84' lang='lat' dir='ltr'>Illo,</span> <span class='ocrx_word' id='word_1_329' title='bbox 1364 4625 1395 4677; x_wconf 81' lang='grc' dir='ltr'>Β.</span> <span class='ocrx_word' id='word_1_330' title='bbox 1407 4626 1443 4680; x_wconf 80' lang='lat'>0.</span> <span class='ocrx_word' id='word_1_331' title='bbox 1457 4626 1492 4678; x_wconf 79' lang='lat'>0.</span> 
     </span>
     <span class='ocr_line' id='line_1_41' title="bbox 292 4698 1232 4764; baseline 0.007 -17"><span class='ocrx_word' id='word_1_332' title='bbox 292 4698 304 4724; x_wconf 71' lang='lat'><em>⁶</em></span> <span class='ocrx_word' id='word_1_333' title='bbox 322 4699 464 4762; x_wconf 65' lang='lat' dir='ltr'>ate-moran,</span> <span class='ocrx_word' id='word_1_334' title='bbox 475 4702 567 4763; x_wconf 59' lang='lat' dir='ltr'>alden,</span> <span class='ocrx_word' id='word_1_335' title='bbox 580 4700 612 4751; x_wconf 85' lang='lat' dir='ltr'>B.</span> <span class='ocrx_word' id='word_1_336' title='bbox 625 4700 660 4753; x_wconf 86' lang='lat'>0.</span> <span class='ocrx_word' id='word_1_337' title='bbox 675 4701 708 4752; x_wconf 83' lang='lat' dir='ltr'>D.</span> <span class='ocrx_word' id='word_1_338' title='bbox 723 4700 754 4752; x_wconf 76' lang='lat' dir='ltr'>F.</span> <span class='ocrx_word' id='word_1_339' title='bbox 838 4702 849 4738; x_wconf 76' lang='lat'>5</span> <span class='ocrx_word' id='word_1_340' title='bbox 865 4705 1042 4764; x_wconf 59' lang='lat' dir='ltr'>Postumum,</span> <span class='ocrx_word' id='word_1_341' title='bbox 1058 4702 1090 4753; x_wconf 83' lang='grc' dir='ltr'>Β.</span> <span class='ocrx_word' id='word_1_342' title='bbox 1103 4702 1137 4755; x_wconf 81' lang='lat' dir='ltr'>C.</span> <span class='ocrx_word' id='word_1_343' title='bbox 1153 4702 1186 4753; x_wconf 82' lang='lat' dir='ltr'>D.</span> <span class='ocrx_word' id='word_1_344' title='bbox 1200 4701 1232 4754; x_wconf 72' lang='lat' dir='ltr'>F.</span> 
     </span>
    </p>
   </div>
   <div class='ocr_carea' id='block_1_9' title="bbox 0 0 2002 5446">
    <p class='ocr_par' dir='ltr' id='par_1_9' title="bbox 0 0 2002 5446">
     <span class='ocr_line' id='line_1_42' title="bbox 0 0 2002 5446; baseline 0 0"><span class='ocrx_word' id='word_1_345' title='bbox 0 0 2002 5446; x_wconf 95' lang='lat' dir='ltr'> </span> 
     </span>
    </p>
   </div>
  </div>
 </body>
</html>
